TranID,Time,Price,Volume,SaleOrderVolume,BuyOrderVolume,Type,SaleOrderID,SaleOrderPrice,BuyOrderID,BuyOrderPrice
8614,09:25:02,9.27,100,100,900,B,110014,9.27,63721,9.27
8615,09:25:02,9.27,800,5000,900,B,115091,9.27,63721,9.27
8616,09:25:02,9.27,1000,5000,1000,B,115091,9.27,63722,9.27
14633,09:30:01,9.26,1000,1000,1000,S,127429,9.26,63723,9.26
15746,09:30:02,9.21,500,500,1000,S,131258,9.21,63724,9.21
16335,09:30:02,9.26,700,700,1000,B,128534,9.26,133241,9.27
16336,09:30:02,9.27,300,5000,1000,B,115091,9.27,133241,9.27
19506,09:30:03,9.23,200,1000,200,B,137156,9.23,144814,9.23
20601,09:30:03,9.21,500,5000,1000,S,148694,9.2,63724,9.21
20602,09:30:03,9.21,1000,5000,1000,S,148694,9.2,75158,9.21
20603,09:30:03,9.2,2000,5000,2000,S,148694,9.2,132114,9.2
20901,09:30:03,9.2,100,5000,100,B,148694,9.2,149967,9.2
21075,09:30:04,9.2,100,5000,100,B,148694,9.2,150504,9.2
21727,09:30:04,9.2,100,5000,100,B,148694,9.2,153202,9.2
22211,09:30:04,9.2,100,5000,100,B,148694,9.2,155363,9.2
24072,09:30:06,9.2,100,5000,100,B,148694,9.2,162606,9.2
26278,09:30:14,9.2,100,5000,100,B,148694,9.2,168967,9.2
26647,09:30:15,9.2,100,5000,100,B,148694,9.2,169892,9.2
26662,09:30:15,9.2,100,5000,100,B,148694,9.2,169915,9.2
27860,09:30:19,9.2,100,5000,100,B,148694,9.2,172907,9.2
27888,09:30:19,9.2,600,5000,2000,B,148694,9.2,173007,9.26
27889,09:30:19,9.23,800,1000,2000,B,137156,9.23,173007,9.26
27890,09:30:19,9.26,600,2200,2000,B,159316,9.26,173007,9.26
29054,09:30:23,9.16,2000,2000,2000,S,175406,9.16,134668,9.16
31290,09:30:30,9.26,100,2200,100,B,159316,9.26,179208,9.26
31509,09:30:31,9.26,100,2200,100,B,159316,9.26,179644,9.26
31660,09:30:32,9.26,100,2200,100,B,159316,9.26,179892,9.26
32288,09:30:34,9.26,100,2200,100,B,159316,9.26,180813,9.26
34092,09:30:39,9.26,400,2200,400,B,159316,9.26,183761,9.26
35763,09:30:44,9.2,1600,1600,5700,S,186627,9.2,185646,9.2
37363,09:30:48,9.2,4100,5000,5700,S,189012,9.18,185646,9.2
37364,09:30:48,9.18,900,5000,900,S,189012,9.18,178208,9.18
42908,09:31:06,9.21,100,100,500,S,197725,9.21,191997,9.21
49551,09:31:29,9.21,400,7000,500,S,209088,9.2,191997,9.21
49552,09:31:29,9.21,2000,7000,2000,S,209088,9.2,206229,9.21
49553,09:31:29,9.2,4600,7000,5000,S,209088,9.2,193888,9.2
55176,09:31:47,9.2,100,100,5000,S,218180,9.2,193888,9.2
55412,09:31:47,9.2,300,2000,5000,S,218547,9.2,193888,9.2
55413,09:31:47,9.2,1700,2000,4600,S,218547,9.2,195989,9.2
56664,09:31:51,9.21,300,300,5000,S,220674,9.21,220429,9.21
56943,09:31:53,9.21,1000,1000,5000,S,221317,9.21,220429,9.21
60681,09:32:07,9.21,3700,7000,5000,S,228091,9.2,220429,9.21
60682,09:32:07,9.21,400,7000,400,S,228091,9.2,222617,9.21
60683,09:32:07,9.2,2900,7000,4600,S,228091,9.2,195989,9.2
64950,09:32:21,9.23,1000,1000,1000,S,235314,9.23,230438,9.23
66785,09:32:29,9.24,100,100,100,B,225799,9.24,238723,9.24
72591,09:32:48,9.25,5500,5500,5500,B,192163,9.25,248560,9.25
74809,09:32:56,9.26,800,2200,19500,B,159316,9.26,252319,9.29
74810,09:32:56,9.27,2900,5000,19500,B,115091,9.27,252319,9.29
74811,09:32:56,9.27,4800,4800,19500,B,190217,9.27,252319,9.29
74812,09:32:56,9.28,5000,5000,19500,B,162129,9.28,252319,9.29
74813,09:32:56,9.29,5000,5000,19500,B,162103,9.29,252319,9.29
74814,09:32:56,9.29,1000,1000,19500,B,188985,9.29,252319,9.29
78949,09:33:11,9.3,1000,1000,2100,B,110253,9.3,259408,9.3
78950,09:33:11,9.3,1100,1100,2100,B,147590,9.3,259408,9.3
79359,09:33:12,9.31,5000,5000,30000,B,161810,9.31,260096,9.34
79360,09:33:12,9.32,5000,5000,30000,B,161795,9.32,260096,9.34
79361,09:33:12,9.33,5000,5000,30000,B,161754,9.33,260096,9.34
79362,09:33:12,9.34,100,100,30000,B,54777,9.34,260096,9.34
79363,09:33:12,9.34,100,100,30000,B,56825,9.34,260096,9.34
80347,09:33:16,9.34,5000,5000,30000,S,261887,9.34,260096,9.34
81032,09:33:19,9.36,10000,10000,51000,B,161438,9.36,263169,9.39
81033,09:33:19,9.37,10000,10000,51000,B,158789,9.37,263169,9.39
81034,09:33:19,9.37,600,600,51000,B,203552,9.37,263169,9.39
81035,09:33:19,9.38,2900,2900,51000,B,128740,9.38,263169,9.39
81036,09:33:19,9.38,10000,10000,51000,B,158382,9.38,263169,9.39
81037,09:33:19,9.39,1000,1000,51000,B,64355,9.39,263169,9.39
81038,09:33:19,9.39,300,300,51000,B,74364,9.39,263169,9.39
81039,09:33:19,9.39,1000,1000,51000,B,75155,9.39,263169,9.39
81040,09:33:19,9.39,600,600,51000,B,173067,9.39,263169,9.39
83500,09:33:29,9.39,11300,11300,51000,S,267934,9.39,263169,9.39
83998,09:33:30,9.39,100,100,51000,S,268737,9.39,263169,9.39
84018,09:33:30,9.39,100,100,51000,S,268795,9.39,263169,9.39
84019,09:33:30,9.39,100,100,51000,S,268796,9.39,263169,9.39
84059,09:33:30,9.39,100,100,51000,S,268836,9.39,263169,9.39
84069,09:33:30,9.39,100,100,51000,S,268857,9.39,263169,9.39
84070,09:33:30,9.39,100,100,51000,S,268858,9.39,263169,9.39
84195,09:33:31,9.39,100,100,51000,S,269110,9.39,263169,9.39
84312,09:33:31,9.39,100,100,51000,S,269353,9.39,263169,9.39
84325,09:33:31,9.39,100,100,51000,S,269382,9.39,263169,9.39
84490,09:33:32,9.39,2400,6000,51000,S,269587,9.38,263169,9.39
86730,09:33:40,9.38,1000,6000,1000,B,269587,9.38,273823,9.38
86916,09:33:41,9.38,500,6000,500,B,269587,9.38,274181,9.38
87880,09:33:44,9.38,2100,6000,30000,B,269587,9.38,275783,9.43
87881,09:33:44,9.39,3000,3000,30000,B,272547,9.39,275783,9.43
87882,09:33:44,9.39,3000,3000,30000,B,275036,9.39,275783,9.43
87883,09:33:44,9.4,300,300,30000,B,275193,9.4,275783,9.43
87884,09:33:44,9.42,3000,3000,30000,B,273954,9.42,275783,9.43
87885,09:33:44,9.43,2900,2900,30000,B,129004,9.43,275783,9.43
88156,09:33:45,9.43,200,200,30000,S,276368,9.43,275783,9.43
88200,09:33:46,9.43,200,200,30000,S,276438,9.43,275783,9.43
88297,09:33:46,9.43,200,200,30000,S,276616,9.43,275783,9.43
88325,09:33:46,9.43,200,200,30000,S,276696,9.43,275783,9.43
88775,09:33:48,9.43,100,100,30000,S,277661,9.43,275783,9.43
88871,09:33:48,9.43,100,100,30000,S,277892,9.43,275783,9.43
88903,09:33:48,9.43,100,100,30000,S,277960,9.43,275783,9.43
88992,09:33:49,9.43,100,100,30000,S,278132,9.43,275783,9.43
88993,09:33:49,9.43,100,100,30000,S,278133,9.43,275783,9.43
89043,09:33:49,9.43,300,300,30000,S,278212,9.43,275783,9.43
89075,09:33:49,9.43,300,300,30000,S,278274,9.43,275783,9.43
89597,09:33:51,9.43,100,100,30000,S,279402,9.43,275783,9.43
89608,09:33:51,9.43,100,100,30000,S,279437,9.43,275783,9.43
89643,09:33:51,9.43,300,300,30000,S,279513,9.43,275783,9.43
89652,09:33:51,9.43,300,300,30000,S,279526,9.43,275783,9.43
90103,09:33:53,9.43,100,100,30000,S,280274,9.43,275783,9.43
90244,09:33:53,9.43,100,100,30000,S,280522,9.43,275783,9.43
90285,09:33:53,9.43,100,100,30000,S,280571,9.43,275783,9.43
90319,09:33:54,9.43,100,100,30000,S,280623,9.43,275783,9.43
90377,09:33:54,9.43,100,100,30000,S,280764,9.43,275783,9.43
90384,09:33:54,9.43,10000,10000,30000,S,280776,9.43,275783,9.43
90444,09:33:54,9.43,100,100,30000,S,280921,9.43,275783,9.43
90451,09:33:54,9.43,100,100,30000,S,280939,9.43,275783,9.43
90490,09:33:54,9.43,100,100,30000,S,281030,9.43,275783,9.43
90513,09:33:54,9.43,100,100,30000,S,281048,9.43,275783,9.43
91590,09:33:58,9.43,100,100,30000,S,282861,9.43,275783,9.43
91718,09:33:58,9.43,100,100,30000,S,283138,9.43,275783,9.43
91737,09:33:58,9.43,100,100,30000,S,283202,9.43,275783,9.43
91752,09:33:59,9.43,100,100,30000,S,283245,9.43,275783,9.43
91823,09:33:59,9.43,100,100,30000,S,283400,9.43,275783,9.43
91826,09:33:59,9.43,100,100,30000,S,283413,9.43,275783,9.43
92181,09:34:00,9.43,1500,5000,30000,S,283997,9.43,275783,9.43
92492,09:34:01,9.39,100,100,700,B,284104,9.39,284497,9.43
92493,09:34:01,9.39,100,100,700,B,284189,9.39,284497,9.43
92494,09:34:01,9.39,100,100,700,B,284210,9.39,284497,9.43
92495,09:34:01,9.43,400,5000,700,B,283997,9.43,284497,9.43
93748,09:34:05,9.43,3100,5000,30000,B,283997,9.43,286718,9.5
93749,09:34:05,9.43,700,700,30000,B,284369,9.43,286718,9.5
93750,09:34:05,9.44,1000,1000,30000,B,64356,9.44,286718,9.5
93751,09:34:05,9.44,700,700,30000,B,166145,9.44,286718,9.5
93752,09:34:05,9.49,1000,1000,30000,B,64643,9.49,286718,9.5
93753,09:34:05,9.49,200,200,30000,B,70137,9.49,286718,9.5
93754,09:34:05,9.49,1000,1000,30000,B,75154,9.49,286718,9.5
93755,09:34:05,9.49,2000,2000,30000,B,133766,9.49,286718,9.5
93756,09:34:05,9.49,1000,1000,30000,B,285657,9.49,286718,9.5
93757,09:34:05,9.49,5000,5000,30000,B,285761,9.49,286718,9.5
93758,09:34:05,9.5,12100,12100,30000,B,83800,9.5,286718,9.5
94059,09:34:06,9.5,100,100,30000,S,287294,9.5,286718,9.5
94061,09:34:06,9.5,100,100,30000,S,287306,9.5,286718,9.5
94088,09:34:06,9.5,100,100,30000,S,287352,9.5,286718,9.5
94196,09:34:07,9.5,100,100,30000,S,287581,9.5,286718,9.5
94326,09:34:07,9.5,100,100,30000,S,287824,9.5,286718,9.5
94878,09:34:09,9.5,100,100,30000,S,288721,9.5,286718,9.5
94894,09:34:09,9.5,100,100,30000,S,288759,9.5,286718,9.5
94909,09:34:09,9.5,100,100,30000,S,288787,9.5,286718,9.5
95039,09:34:10,9.5,100,100,30000,S,289017,9.5,286718,9.5
95938,09:34:13,9.5,1300,2800,30000,S,290587,9.49,286718,9.5
95939,09:34:13,9.49,1500,2800,34500,S,290587,9.49,290021,9.49
95946,09:34:13,9.49,500,500,34500,S,290595,9.49,290021,9.49
96036,09:34:13,9.49,600,600,34500,S,290764,9.49,290021,9.49
98639,09:34:22,9.5,4000,4000,30000,B,290640,9.5,295318,9.6
98640,09:34:22,9.5,700,700,30000,B,291587,9.5,295318,9.6
98641,09:34:22,9.5,500,500,30000,B,294523,9.5,295318,9.6
98642,09:34:22,9.5,7000,7000,30000,B,294929,9.5,295318,9.6
98643,09:34:22,9.53,1400,1400,30000,B,294259,9.53,295318,9.6
98644,09:34:22,9.54,1500,1500,30000,B,37372,9.54,295318,9.6
98645,09:34:22,9.54,1000,1000,30000,B,64740,9.54,295318,9.6
98646,09:34:22,9.54,2100,2100,30000,B,291084,9.54,295318,9.6
98647,09:34:22,9.55,3000,3000,30000,B,251229,9.55,295318,9.6
98648,09:34:22,9.56,2000,2000,30000,B,40082,9.56,295318,9.6
98649,09:34:22,9.59,1000,1000,30000,B,64741,9.59,295318,9.6
98650,09:34:22,9.6,600,600,30000,B,70898,9.6,295318,9.6
98651,09:34:22,9.6,500,500,30000,B,166934,9.6,295318,9.6
98652,09:34:22,9.6,1000,1000,30000,B,288490,9.6,295318,9.6
98653,09:34:22,9.6,300,300,30000,B,289709,9.6,295318,9.6
99978,09:34:26,9.6,1100,1100,30000,S,297445,9.6,295318,9.6
100232,09:34:27,9.6,2300,3000,30000,S,297915,9.54,295318,9.6
100233,09:34:27,9.54,700,3000,56300,S,297915,9.54,296880,9.54
100656,09:34:28,9.54,20000,20000,56300,S,298682,9.54,296880,9.54
102408,09:34:34,9.61,100,2000,100,B,61270,9.61,301467,9.61
103598,09:34:38,9.61,200,2000,200,B,61270,9.61,303290,9.61
104935,09:34:42,9.6,10000,10000,13100,B,305190,9.6,305496,9.61
104936,09:34:42,9.61,1700,2000,13100,B,61270,9.61,305496,9.61
104937,09:34:42,9.61,1400,1400,13100,B,303771,9.61,305496,9.61
105754,09:34:45,9.55,1000,30000,1000,S,307087,9.54,305455,9.55
105755,09:34:45,9.54,29000,30000,56300,S,307087,9.54,296880,9.54
105975,09:34:46,9.6,1000,2000,1000,B,306891,9.6,307514,9.6
107194,09:34:50,9.55,700,1000,700,B,308719,9.55,309287,9.55
107206,09:34:50,9.55,300,1000,500,B,308719,9.55,309319,9.55
107271,09:34:50,9.6,200,2000,200,B,306891,9.6,309445,9.6
107552,09:34:51,9.6,200,2000,200,B,306891,9.6,309948,9.6
108113,09:34:53,9.6,600,2000,1800,B,306891,9.6,310867,9.6
108114,09:34:53,9.6,1200,3000,1800,B,307815,9.6,310867,9.6
108158,09:34:54,9.6,500,3000,500,B,307815,9.6,310983,9.6
108268,09:34:54,9.6,200,3000,200,B,307815,9.6,311273,9.6
108406,09:34:55,9.6,100,3000,100,B,307815,9.6,311656,9.6
109282,09:34:59,9.6,100,3000,100,B,307815,9.6,313330,9.6
109290,09:34:59,9.57,1100,1100,1500,S,313358,9.57,311903,9.57
112257,09:35:09,9.57,400,11400,1500,S,318353,9.57,311903,9.57
113398,09:35:13,9.57,11000,11400,11000,B,318353,9.57,320325,9.57
113761,09:35:14,9.56,300,5000,300,B,320580,9.56,320947,9.56
114433,09:35:17,9.56,1800,5000,1800,B,320580,9.56,322068,9.56
114503,09:35:17,9.55,200,1200,500,S,322209,9.55,309319,9.55
114504,09:35:17,9.55,1000,1200,1000,S,322209,9.55,319520,9.55
116062,09:35:22,9.54,500,500,56300,S,324854,9.54,296880,9.54
117166,09:35:27,9.54,2300,2300,56300,S,326948,9.54,296880,9.54
117333,09:35:27,9.54,3800,5400,56300,S,327188,9.54,296880,9.54
117334,09:35:27,9.54,500,5400,500,S,327188,9.54,300024,9.54
118787,09:35:33,9.54,1100,5400,1100,B,327188,9.54,329719,9.54
118999,09:35:33,9.52,500,500,500,S,329986,9.52,298456,9.52
120806,09:35:39,9.49,16700,16700,34500,S,332961,9.49,290021,9.49
122713,09:35:47,9.51,300,300,300,S,336603,9.51,333351,9.51
123174,09:35:49,9.52,100,100,1900,B,333895,9.52,337356,9.52
123175,09:35:49,9.52,1800,2000,1900,B,335175,9.52,337356,9.52
123415,09:35:50,9.5,100,5000,100,S,337789,9.49,334470,9.5
123416,09:35:50,9.49,4900,5000,34500,S,337789,9.49,290021,9.49
123587,09:35:51,9.49,3000,3000,34500,S,338100,9.49,290021,9.49
123627,09:35:51,9.49,7300,10400,34500,S,338210,9.49,290021,9.49
126775,09:36:02,9.36,1000,1000,1000,S,343982,9.36,343972,9.36
127468,09:36:04,9.48,400,500,400,B,341599,9.48,344919,9.48
128152,09:36:07,9.48,100,500,4800,B,341599,9.48,346163,9.49
128153,09:36:07,9.49,3100,10400,4800,B,338210,9.49,346163,9.49
128154,09:36:07,9.49,1000,1000,4800,B,343420,9.49,346163,9.49
128155,09:36:07,9.49,600,600,4800,B,344049,9.49,346163,9.49
131632,09:36:20,9.48,100,100,100,B,352028,9.48,352032,9.48
132291,09:36:22,9.46,300,300,2000,S,353163,9.46,348286,9.46
132467,09:36:23,9.46,1700,3400,2000,S,353524,9.46,348286,9.46
133334,09:36:26,9.38,1800,2000,1800,S,354889,9.36,352819,9.38
133335,09:36:26,9.36,200,2000,1000,S,354889,9.36,349384,9.36
134371,09:36:30,9.46,1700,3400,1700,B,353524,9.46,356742,9.46
141160,09:36:54,9.45,1100,1200,1100,B,363976,9.45,368034,9.45
142983,09:37:02,9.37,1000,1700,1000,S,371245,9.37,361921,9.37
142984,09:37:02,9.37,700,1700,3900,S,371245,9.37,362996,9.37
143559,09:37:04,9.37,3200,5000,3900,S,372181,9.36,362996,9.37
143560,09:37:04,9.37,500,5000,500,S,372181,9.36,371247,9.37
143561,09:37:04,9.37,500,5000,500,S,372181,9.36,371370,9.37
143562,09:37:04,9.36,800,5000,1000,S,372181,9.36,349384,9.36
149049,09:37:25,9.43,1500,1500,2000,B,379248,9.43,381623,9.44
149050,09:37:25,9.44,500,500,2000,B,379959,9.44,381623,9.44
151717,09:37:37,9.45,100,1200,100,B,363976,9.45,386357,9.45
159707,09:38:08,9.43,200,5000,200,B,397261,9.43,399701,9.43
161210,09:38:14,9.39,2100,2100,2800,S,402272,9.39,401332,9.39
161554,09:38:16,9.43,2000,5000,2000,B,397261,9.43,402968,9.43
165381,09:38:33,9.42,900,3900,900,B,404543,9.42,410050,9.42
166101,09:38:35,9.39,300,300,2800,S,410999,9.39,401332,9.39
167381,09:38:40,9.4,400,400,4200,S,413247,9.4,411448,9.4
168342,09:38:43,9.4,500,500,4200,S,414520,9.4,411448,9.4
170455,09:38:51,9.4,3300,4600,4200,S,417766,9.4,411448,9.4
170764,09:38:53,9.4,900,4600,900,B,417766,9.4,418205,9.4
171290,09:38:55,9.39,400,3300,2800,S,419072,9.38,401332,9.39
171291,09:38:55,9.38,2100,3300,2100,S,419072,9.38,390105,9.38
171292,09:38:55,9.38,800,3300,2000,S,419072,9.38,404499,9.38
171472,09:38:55,9.4,400,4600,1500,B,417766,9.4,419426,9.4
172669,09:38:59,9.4,500,500,1500,S,421096,9.4,419426,9.4
173016,09:39:00,9.4,600,800,1500,S,421588,9.4,419426,9.4
173976,09:39:04,9.38,600,600,2000,S,423248,9.38,404499,9.38
176029,09:39:13,9.38,600,1600,2000,S,426613,9.38,404499,9.38
176030,09:39:13,9.38,1000,1600,1000,S,426613,9.38,409473,9.38
182411,09:39:36,9.39,400,1000,400,B,423756,9.39,436465,9.39
184442,09:39:44,9.39,600,1000,1100,B,423756,9.39,439590,9.39
191911,09:40:11,9.4,200,800,1000,B,421588,9.4,451359,9.41
191912,09:40:11,9.41,800,1400,1000,B,410828,9.41,451359,9.41
194773,09:40:23,9.4,200,200,200,S,456399,9.4,455412,9.4
197024,09:40:32,9.41,600,1400,700,B,410828,9.41,460229,9.41
197025,09:40:32,9.41,100,5400,700,B,422774,9.41,460229,9.41
197410,09:40:33,9.41,400,5400,400,B,422774,9.41,460702,9.41
198058,09:40:35,9.4,500,5000,500,S,461763,9.4,458973,9.4
198059,09:40:35,9.4,4500,5000,4700,S,461763,9.4,459221,9.4
200392,09:40:45,9.4,200,1600,4700,S,466095,9.4,459221,9.4
200393,09:40:45,9.4,300,1600,300,S,466095,9.4,465316,9.4
200447,09:40:45,9.39,200,200,1100,S,466207,9.39,439590,9.39
201519,09:40:49,9.4,1100,1600,2000,B,466095,9.4,467918,9.4
201520,09:40:49,9.4,900,1000,2000,B,467534,9.4,467918,9.4
203319,09:40:56,9.39,300,300,1100,S,470895,9.39,439590,9.39
207562,09:41:12,9.4,100,1000,3000,B,467534,9.4,477615,9.4
207563,09:41:12,9.4,400,400,3000,B,469456,9.4,477615,9.4
208775,09:41:17,9.4,1600,1600,3000,S,479963,9.4,477615,9.4
210835,09:41:24,9.41,2000,5400,2000,B,422774,9.41,482954,9.41
213453,09:41:35,9.4,900,5000,3000,S,487447,9.4,477615,9.4
213454,09:41:35,9.4,500,5000,500,S,487447,9.4,480674,9.4
213455,09:41:35,9.4,1000,5000,1000,S,487447,9.4,482194,9.4
213456,09:41:35,9.4,1000,5000,1000,S,487447,9.4,487242,9.4
213511,09:41:35,9.4,1600,5000,10000,B,487447,9.4,487522,9.41
213512,09:41:35,9.41,2900,5400,10000,B,422774,9.41,487522,9.41
216279,09:41:46,9.41,200,200,10000,S,491919,9.41,487522,9.41
217179,09:41:49,9.42,1100,3900,1100,B,404543,9.42,493217,9.42
220240,09:42:02,9.42,500,3900,500,B,404543,9.42,498356,9.42
222476,09:42:11,9.42,600,3900,600,B,404543,9.42,502099,9.42
224244,09:42:19,9.41,100,100,10000,S,505175,9.41,487522,9.41
224845,09:42:21,9.42,800,3900,1300,B,404543,9.42,506024,9.42
224846,09:42:21,9.42,500,1400,1300,B,406455,9.42,506024,9.42
228340,09:42:35,9.42,400,1400,400,B,406455,9.42,511778,9.42
229555,09:42:40,9.42,500,1400,26600,B,406455,9.42,513542,9.43
229556,09:42:40,9.42,600,600,26600,B,419928,9.42,513542,9.43
229557,09:42:40,9.43,2800,5000,26600,B,397261,9.43,513542,9.43
229558,09:42:40,9.43,1000,1000,26600,B,410536,9.43,513542,9.43
229559,09:42:40,9.43,10000,10000,26600,B,496528,9.43,513542,9.43
231126,09:42:46,9.43,1000,1000,26600,S,516095,9.43,513542,9.43
233162,09:42:55,9.43,500,500,26600,S,519353,9.43,513542,9.43
235659,09:43:05,9.44,1000,25000,1000,B,401597,9.44,523003,9.44
235759,09:43:05,9.43,1400,1400,26600,S,523218,9.43,513542,9.43
236096,09:43:07,9.44,500,25000,500,B,401597,9.44,523674,9.44
236857,09:43:10,9.43,2500,2500,26600,S,525021,9.43,513542,9.43
240604,09:43:25,9.43,1500,1500,26600,S,530733,9.43,513542,9.43
242451,09:43:32,9.43,1500,1500,26600,S,533518,9.43,513542,9.43
242491,09:43:32,9.43,200,200,26600,S,533577,9.43,513542,9.43
242938,09:43:34,9.44,1000,25000,1000,B,401597,9.44,534273,9.44
243265,09:43:35,9.44,200,25000,200,B,401597,9.44,534834,9.44
244462,09:43:40,9.44,700,25000,700,B,401597,9.44,536577,9.44
245224,09:43:43,9.43,1000,1000,26600,S,537793,9.43,513542,9.43
248148,09:43:54,9.44,1000,25000,1000,B,401597,9.44,542374,9.44
248325,09:43:55,9.43,500,500,26600,S,542722,9.43,513542,9.43
248723,09:43:56,9.44,2000,25000,2000,B,401597,9.44,543078,9.44
248989,09:43:57,9.43,1600,4000,26600,S,543492,9.43,513542,9.43
250482,09:44:02,9.41,500,500,10000,S,545719,9.41,487522,9.41
251904,09:44:08,9.42,300,3100,300,S,548010,9.41,547476,9.42
251905,09:44:08,9.41,2800,3100,10000,S,548010,9.41,487522,9.41
254069,09:44:17,9.42,200,200,2900,S,551814,9.42,549010,9.42
254306,09:44:19,9.43,2400,4000,15000,B,543492,9.43,552299,9.43
255346,09:44:22,9.43,12600,30000,15000,S,553768,9.43,552299,9.43
258101,09:44:32,9.42,300,300,2900,S,558168,9.42,549010,9.42
261436,09:44:43,9.43,100,30000,100,B,553768,9.43,563042,9.43
262153,09:44:46,9.42,100,100,2900,S,564196,9.42,549010,9.42
262932,09:44:49,9.42,200,200,2900,S,565668,9.42,549010,9.42
263240,09:44:51,9.43,200,30000,200,B,553768,9.43,566238,9.43
264771,09:44:57,9.42,2100,2900,2900,S,568676,9.42,549010,9.42
264772,09:44:57,9.42,600,2900,600,S,568676,9.42,557046,9.42
266490,09:45:03,9.42,200,2900,900,B,568676,9.42,571337,9.42
266491,09:45:03,9.42,700,1100,900,B,570095,9.42,571337,9.42
266735,09:45:04,9.42,200,1100,200,B,570095,9.42,571846,9.42
268277,09:45:10,9.41,700,700,10000,S,574148,9.41,487522,9.41
269139,09:45:14,9.41,500,500,10000,S,575787,9.41,487522,9.41
269889,09:45:18,9.41,700,2000,10000,S,577182,9.41,487522,9.41
269890,09:45:18,9.41,1300,2000,5000,S,577182,9.41,506355,9.41
270082,09:45:19,9.41,2000,2000,5000,S,577539,9.41,506355,9.41
270405,09:45:20,9.42,200,1100,1200,B,570095,9.42,578169,9.42
270406,09:45:20,9.42,1000,1200,1200,B,570857,9.42,578169,9.42
270657,09:45:22,9.41,1700,2000,5000,S,578677,9.41,506355,9.41
270658,09:45:22,9.41,300,2000,300,S,578677,9.41,508116,9.41
275816,09:45:43,9.41,1000,1000,5000,B,579698,9.41,586669,9.41
275817,09:45:43,9.41,3000,3000,5000,B,579708,9.41,586669,9.41
275818,09:45:43,9.41,1000,2200,5000,B,580207,9.41,586669,9.41
279912,09:45:59,9.41,1200,2200,20000,B,580207,9.41,593042,9.41
280321,09:46:01,9.41,600,600,20000,S,593773,9.41,593042,9.41
280686,09:46:02,9.41,10000,10000,20000,S,594256,9.41,593042,9.41
285294,09:46:21,9.41,100,100,20000,S,601868,9.41,593042,9.41
287626,09:46:30,9.42,200,1200,10000,B,570857,9.42,605321,9.42
287627,09:46:30,9.42,4000,4000,10000,B,570895,9.42,605321,9.42
287628,09:46:30,9.42,3600,3600,10000,B,584131,9.42,605321,9.42
287629,09:46:30,9.42,400,400,10000,B,597026,9.42,605321,9.42
289902,09:46:39,9.42,1500,1500,10000,S,609095,9.42,605321,9.42
290950,09:46:44,9.42,300,30000,10000,S,610964,9.42,605321,9.42
292792,09:46:52,9.42,500,30000,500,B,610964,9.42,613925,9.42
299423,09:47:19,9.41,500,500,20000,S,625072,9.41,593042,9.41
301785,09:47:31,9.41,1100,1100,20000,S,629491,9.41,593042,9.41
302472,09:47:34,9.41,5500,5500,20000,S,630506,9.41,593042,9.41
307637,09:47:56,9.41,1000,1400,20000,S,638892,9.41,593042,9.41
307638,09:47:56,9.41,100,1400,100,S,638892,9.41,599214,9.41
307639,09:47:56,9.41,300,1400,500,S,638892,9.41,617866,9.41
309301,09:48:03,9.41,200,500,500,S,641356,9.41,617866,9.41
309302,09:48:03,9.41,300,500,800,S,641356,9.41,622956,9.41
309355,09:48:03,9.42,2900,30000,2900,B,610964,9.42,641454,9.42
311263,09:48:12,9.41,500,500,800,S,644825,9.41,622956,9.41
313305,09:48:23,9.42,26300,30000,30000,B,610964,9.42,648880,9.42
313306,09:48:23,9.42,1000,1000,30000,B,622888,9.42,648880,9.42
313307,09:48:23,9.42,1000,1000,30000,B,622900,9.42,648880,9.42
313811,09:48:26,9.42,700,700,30000,S,649801,9.42,648880,9.42
316910,09:48:40,9.43,500,30000,500,B,553768,9.43,655245,9.43
319677,09:48:52,9.42,1000,1000,30000,S,659653,9.42,648880,9.42
325153,09:49:15,9.43,5200,30000,5200,B,553768,9.43,668408,9.43
332234,09:49:48,9.43,100,30000,100,B,553768,9.43,680453,9.43
332852,09:49:51,9.43,1000,30000,1000,B,553768,9.43,681519,9.43
333016,09:49:52,9.43,2900,30000,2900,B,553768,9.43,681776,9.43
334493,09:50:01,9.43,4000,30000,4000,B,553768,9.43,684733,9.43
336861,09:50:11,9.43,100,30000,100,B,553768,9.43,688234,9.43
337554,09:50:15,9.42,500,20000,500,S,689535,9.4,674942,9.42
337555,09:50:15,9.41,3000,20000,3000,S,689535,9.4,643128,9.41
337556,09:50:15,9.41,500,20000,500,S,689535,9.4,646182,9.41
337557,09:50:15,9.41,4100,20000,4100,S,689535,9.4,688302,9.41
337558,09:50:15,9.4,2000,20000,2000,S,689535,9.4,590247,9.4
337559,09:50:15,9.4,4800,20000,4800,S,689535,9.4,647154,9.4
339140,09:50:24,9.4,500,20000,500,B,689535,9.4,692234,9.4
341926,09:50:39,9.39,2000,2700,2000,S,697023,9.39,465894,9.39
341927,09:50:39,9.39,700,2700,1000,S,697023,9.39,474487,9.39
342858,09:50:45,9.4,1000,20000,1000,B,689535,9.4,698864,9.4
343817,09:50:50,9.4,3600,20000,4600,B,689535,9.4,700629,9.4
343818,09:50:50,9.4,1000,7528,4600,B,698526,9.4,700629,9.4
345918,09:51:01,9.4,1000,7528,1000,B,698526,9.4,704063,9.4
347150,09:51:07,9.39,100,100,1000,S,705958,9.39,474487,9.39
348450,09:51:14,9.4,100,7528,100,B,698526,9.4,708162,9.4
349124,09:51:18,9.39,200,1300,1000,S,709459,9.39,474487,9.39
349125,09:51:18,9.39,1100,1300,2000,S,709459,9.39,706562,9.39
351332,09:51:29,9.4,3000,7528,3000,B,698526,9.4,713155,9.4
351722,09:51:31,9.39,900,2900,2000,S,713863,9.39,706562,9.39
351723,09:51:31,9.39,2000,2900,2000,S,713863,9.39,712668,9.39
361776,09:52:25,9.38,200,1500,200,B,729052,9.38,730514,9.38
368579,09:53:00,9.37,300,10000,300,S,741641,9.37,374970,9.37
368580,09:53:00,9.37,700,10000,700,S,741641,9.37,435921,9.37
368581,09:53:00,9.37,1000,10000,1000,S,741641,9.37,438457,9.37
368582,09:53:00,9.37,5000,10000,5000,S,741641,9.37,735368,9.37
369951,09:53:08,9.37,3000,10000,4700,B,741641,9.37,743990,9.37
369952,09:53:08,9.37,1700,9600,4700,B,743524,9.37,743990,9.37
372282,09:53:21,9.37,100,9600,100,B,743524,9.37,748032,9.37
372732,09:53:23,9.36,400,400,2500,S,748760,9.36,359999,9.36
374059,09:53:31,9.37,1500,9600,1500,B,743524,9.37,751299,9.37
374779,09:53:34,9.37,6300,9600,14200,B,743524,9.37,752315,9.37
375949,09:53:40,9.37,7900,10900,14200,S,754178,9.37,752315,9.37
378176,09:53:52,9.36,2000,2000,2500,S,757930,9.36,359999,9.36
380104,09:54:02,9.37,3000,10900,3000,B,754178,9.37,761110,9.37
382188,09:54:11,9.36,100,10000,2500,S,763972,9.36,359999,9.36
382189,09:54:11,9.36,2100,10000,2100,S,763972,9.36,363224,9.36
382190,09:54:11,9.36,1000,10000,1000,S,763972,9.36,423038,9.36
382191,09:54:11,9.36,6800,10000,22500,S,763972,9.36,714395,9.36
388832,09:54:46,9.36,15700,20000,22500,S,774795,9.36,714395,9.36
388833,09:54:46,9.36,4300,20000,12700,S,774795,9.36,748870,9.36
393140,09:55:06,9.36,200,200,12700,S,780887,9.36,748870,9.36
393538,09:55:07,9.36,200,200,12700,S,781234,9.36,748870,9.36
393821,09:55:08,9.36,4600,4600,12700,S,781701,9.36,748870,9.36
404777,09:56:03,9.37,500,4700,500,S,798711,9.37,786986,9.37
404778,09:56:03,9.37,700,4700,700,S,798711,9.37,794285,9.37
408114,09:56:19,9.36,300,300,12700,S,804024,9.36,748870,9.36
408766,09:56:23,9.37,2000,4700,2000,B,798711,9.37,804978,9.37
409615,09:56:27,9.36,3100,6000,12700,S,806522,9.36,748870,9.36
409616,09:56:27,9.36,2000,6000,2000,S,806522,9.36,762311,9.36
409617,09:56:27,9.36,900,6000,1000,S,806522,9.36,770302,9.36
409734,09:56:28,9.37,1500,4700,1500,B,798711,9.37,806717,9.37
414366,09:56:51,9.38,1000,1500,1000,B,729052,9.38,813804,9.38
414370,09:56:51,9.38,300,1500,1000,B,729052,9.38,813824,9.38
414371,09:56:51,9.38,600,600,1000,B,810234,9.38,813824,9.38
414718,09:56:53,9.38,100,3600,1000,S,814344,9.37,813824,9.38
414719,09:56:53,9.37,300,3600,300,S,814344,9.37,813850,9.37
414841,09:56:54,9.37,1000,3600,1000,B,814344,9.37,814601,9.37
414948,09:56:54,9.37,2200,3600,2200,B,814344,9.37,814800,9.37
416156,09:57:02,9.37,100,100,1300,S,817114,9.37,814827,9.37
418072,09:57:11,9.37,1200,4400,1300,S,820164,9.37,814827,9.37
418073,09:57:11,9.37,1200,4400,1200,S,820164,9.37,814834,9.37
418074,09:57:11,9.37,2000,4400,2000,S,820164,9.37,814850,9.37
418617,09:57:13,9.37,4300,4300,5000,B,820633,9.37,820940,9.37
424373,09:57:44,9.37,700,2600,5000,S,830706,9.37,820940,9.37
424374,09:57:44,9.37,1000,2600,1000,S,830706,9.37,823634,9.37
424375,09:57:44,9.37,200,2600,200,S,830706,9.37,825871,9.37
424376,09:57:44,9.37,500,2600,500,S,830706,9.37,830454,9.37
426420,09:57:56,9.37,200,2600,200,B,830706,9.37,834276,9.37
430837,09:58:20,9.36,100,3200,1000,S,841485,9.36,770302,9.36
430838,09:58:20,9.36,2400,3200,2400,S,841485,9.36,775829,9.36
430839,09:58:20,9.36,300,3200,300,S,841485,9.36,785523,9.36
430840,09:58:20,9.36,400,3200,1000,S,841485,9.36,789540,9.36
432780,09:58:31,9.36,600,3900,1000,S,844973,9.36,789540,9.36
432781,09:58:31,9.36,3300,3900,20000,S,844973,9.36,794272,9.36
435072,09:58:44,9.36,400,400,20000,S,848771,9.36,794272,9.36
440072,09:59:16,9.37,100,10000,100,B,835127,9.37,858106,9.37
441677,09:59:24,9.36,2500,2500,20000,S,860400,9.36,794272,9.36
443251,09:59:31,9.36,1300,1300,20000,S,862312,9.36,794272,9.36
447298,09:59:56,9.37,300,10000,300,B,835127,9.37,869268,9.37
450702,10:00:16,9.37,9600,10000,9600,B,835127,9.37,874670,9.37
456995,10:00:57,9.39,200,10000,200,B,725259,9.39,885708,9.39
465601,10:01:48,9.39,9800,10000,14600,B,725259,9.39,899479,9.39
465602,10:01:48,9.39,100,100,14600,B,778220,9.39,899479,9.39
472287,10:02:28,9.39,4700,25000,14600,S,910419,9.39,899479,9.39
473315,10:02:34,9.37,400,400,1000,S,912080,9.37,889529,9.37
475421,10:02:46,9.38,200,200,500,S,915372,9.38,915339,9.38
478412,10:03:01,9.39,500,25000,500,B,910419,9.39,919512,9.39
481197,10:03:16,9.38,300,2000,500,S,923888,9.38,915339,9.38
487553,10:03:45,9.38,200,2000,200,B,923888,9.38,932604,9.38
489747,10:03:57,9.37,600,600,1000,S,936169,9.37,889529,9.37
495466,10:04:27,9.37,500,1300,500,S,945014,9.37,892718,9.37
495467,10:04:27,9.37,800,1300,800,S,945014,9.37,897521,9.37
497109,10:04:36,9.37,1600,1600,11700,S,947761,9.37,901753,9.37
497110,10:04:36,9.38,1500,2000,2200,B,923888,9.38,947763,9.38
497111,10:04:36,9.38,700,1600,2200,B,927706,9.38,947763,9.38
500444,10:04:52,9.38,900,1600,10000,B,927706,9.38,952609,9.38
501430,10:04:57,9.38,1100,1100,10000,S,953877,9.38,952609,9.38
503565,10:05:08,9.38,8000,10000,10000,S,957121,9.38,952609,9.38
503566,10:05:08,9.38,1000,10000,1000,S,957121,9.38,955819,9.38
507033,10:05:27,9.38,1000,10000,10700,B,957121,9.38,962582,9.38
507034,10:05:27,9.38,3000,3000,10700,B,959653,9.38,962582,9.38
507035,10:05:27,9.38,2000,2000,10700,B,960382,9.38,962582,9.38
507036,10:05:27,9.38,4700,10000,10700,B,961926,9.38,962582,9.38
507191,10:05:28,9.38,500,10000,500,B,961926,9.38,962888,9.38
508374,10:05:33,9.37,100,100,11700,S,964434,9.37,901753,9.37
510906,10:05:44,9.38,4800,10000,40000,B,961926,9.38,967862,9.38
510907,10:05:44,9.38,100,100,40000,B,962767,9.38,967862,9.38
514167,10:06:01,9.38,30000,30000,40000,S,972916,9.38,967862,9.38
516792,10:06:13,9.39,19800,25000,20000,B,910419,9.39,976479,9.39
529461,10:07:19,9.39,200,600,20000,S,995865,9.39,976479,9.39
531284,10:07:28,9.38,2000,2000,40000,S,998586,9.38,967862,9.38
534040,10:07:44,9.38,3100,10000,40000,S,1003051,9.38,967862,9.38
534041,10:07:44,9.38,1000,10000,1000,S,1003051,9.38,983567,9.38
534042,10:07:44,9.38,5900,10000,20000,S,1003051,9.38,989192,9.38
535706,10:07:55,9.39,400,600,400,B,995865,9.39,1005947,9.39
551861,10:09:26,9.38,100,100,20000,S,1030876,9.38,989192,9.38
555098,10:09:45,9.38,1000,1000,20000,S,1035660,9.38,989192,9.38
560411,10:10:13,9.38,13000,14000,20000,S,1043059,9.38,989192,9.38
560636,10:10:14,9.38,1000,14000,1000,B,1043059,9.38,1043391,9.38
563819,10:10:31,9.37,10000,10600,11700,S,1047707,9.37,901753,9.37
563820,10:10:31,9.37,400,10600,400,S,1047707,9.37,912135,9.37
563821,10:10:31,9.37,200,10600,2100,S,1047707,9.37,927222,9.37
566630,10:10:46,9.37,1000,1000,2100,S,1051665,9.37,927222,9.37
566737,10:10:47,9.37,900,11500,2100,S,1051815,9.37,927222,9.37
566738,10:10:47,9.37,8500,11500,8500,S,1051815,9.37,952140,9.37
566739,10:10:47,9.37,300,11500,300,S,1051815,9.37,977008,9.37
567004,10:10:48,9.37,1800,11500,5000,B,1051815,9.37,1052293,9.37
567267,10:10:50,9.37,200,200,5000,S,1052733,9.37,1052293,9.37
579972,10:12:03,9.37,100,100,5000,S,1072504,9.37,1052293,9.37
580268,10:12:05,9.37,2900,3700,5000,S,1073047,9.37,1052293,9.37
580269,10:12:05,9.37,800,3700,3600,S,1073047,9.37,1066708,9.37
582506,10:12:18,9.37,800,800,3600,S,1076548,9.37,1066708,9.37
583174,10:12:22,9.37,500,500,3600,S,1077638,9.37,1066708,9.37
589103,10:12:52,9.37,1200,1200,3600,S,1085679,9.37,1066708,9.37
597979,10:13:39,9.37,300,1300,3600,S,1097899,9.37,1066708,9.37
602363,10:14:04,9.37,1000,1300,1000,B,1097899,9.37,1104269,9.37
607074,10:14:34,9.36,4300,4300,20000,S,1111906,9.36,794272,9.36
607327,10:14:35,9.36,500,500,20000,S,1112414,9.36,794272,9.36
613119,10:15:16,9.36,1000,1000,20000,S,1122533,9.36,794272,9.36
614195,10:15:22,9.37,900,900,2000,B,1108183,9.37,1123880,9.37
614196,10:15:22,9.37,1100,1300,2000,B,1117128,9.37,1123880,9.37
615450,10:15:29,9.36,500,500,20000,S,1125633,9.36,794272,9.36
615513,10:15:30,9.36,6200,15400,20000,S,1125746,9.35,794272,9.36
615514,10:15:30,9.36,500,15400,500,S,1125746,9.35,885055,9.36
615515,10:15:30,9.36,5000,15400,5000,S,1125746,9.35,1062234,9.36
615516,10:15:30,9.36,500,15400,500,S,1125746,9.35,1083541,9.36
615517,10:15:30,9.35,1100,15400,1100,S,1125746,9.35,337937,9.35
615518,10:15:30,9.35,500,15400,500,S,1125746,9.35,356619,9.35
615519,10:15:30,9.35,1600,15400,2000,S,1125746,9.35,365207,9.35
617060,10:15:40,9.35,400,2000,2000,S,1128274,9.35,365207,9.35
617061,10:15:40,9.35,1600,2000,26300,S,1128274,9.35,418828,9.35
617253,10:15:41,9.35,400,400,26300,S,1128545,9.35,418828,9.35
618190,10:15:47,9.35,2800,2800,26300,S,1130042,9.35,418828,9.35
618476,10:15:49,9.36,600,4000,600,B,1127287,9.36,1130497,9.36
619489,10:15:55,9.36,3400,4000,5000,B,1127287,9.36,1131958,9.36
619490,10:15:55,9.36,100,100,5000,B,1130761,9.36,1131958,9.36
622884,10:16:15,9.36,1000,1000,5000,S,1136796,9.36,1131958,9.36
630318,10:17:05,9.37,200,1300,1000,B,1117128,9.37,1148837,9.37
630319,10:17:05,9.37,800,800,1000,B,1117607,9.37,1148837,9.37
631958,10:17:15,9.36,500,20000,5000,S,1151274,9.36,1131958,9.36
631959,10:17:15,9.36,10000,20000,10000,S,1151274,9.36,1142248,9.36
631960,10:17:15,9.36,300,20000,300,S,1151274,9.36,1150659,9.36
639030,10:17:58,9.35,18800,18800,26300,S,1161687,9.35,418828,9.35
640546,10:18:07,9.35,2700,2900,26300,S,1163821,9.35,418828,9.35
640547,10:18:07,9.35,200,2900,500,S,1163821,9.35,444914,9.35
642012,10:18:16,9.35,300,3000,500,S,1165933,9.35,444914,9.35
642013,10:18:16,9.35,300,3000,300,S,1165933,9.35,532632,9.35
642014,10:18:16,9.35,500,3000,500,S,1165933,9.35,780930,9.35
642015,10:18:16,9.35,100,3000,100,S,1165933,9.35,890530,9.35
642016,10:18:16,9.35,1800,3000,2000,S,1165933,9.35,1130423,9.35
642114,10:18:17,9.35,200,600,2000,S,1166070,9.35,1130423,9.35
642115,10:18:17,9.35,400,600,500,S,1166070,9.35,1132859,9.35
643801,10:18:28,9.35,100,2200,500,S,1168716,9.35,1132859,9.35
645129,10:18:36,9.35,2100,2200,2100,B,1168716,9.35,1170595,9.35
648240,10:18:54,9.34,1900,1900,30000,S,1175084,9.34,260096,9.34
651834,10:19:18,9.34,1400,1400,30000,S,1180708,9.34,260096,9.34
651860,10:19:18,9.34,3000,3000,30000,S,1180746,9.34,260096,9.34
651988,10:19:18,9.34,2300,2300,30000,S,1180936,9.34,260096,9.34
655121,10:19:36,9.34,1000,1000,30000,S,1185379,9.34,260096,9.34
655835,10:19:40,9.34,200,500,30000,S,1186397,9.34,260096,9.34
655836,10:19:40,9.34,100,500,100,S,1186397,9.34,387192,9.34
655837,10:19:40,9.34,200,500,12000,S,1186397,9.34,1171038,9.34
658065,10:19:51,9.34,200,200,12000,S,1189200,9.34,1171038,9.34
661494,10:20:10,9.34,4200,4200,12000,S,1193812,9.34,1171038,9.34
668502,10:20:46,9.34,100,100,12000,S,1203054,9.34,1171038,9.34
670137,10:20:56,9.34,2000,2000,12000,S,1205491,9.34,1171038,9.34
671630,10:21:05,9.34,1700,1700,12000,S,1207722,9.34,1171038,9.34
672036,10:21:07,9.34,2500,2500,12000,S,1208361,9.34,1171038,9.34
673012,10:21:13,9.35,500,500,2000,B,1173007,9.35,1209715,9.35
673013,10:21:13,9.35,600,600,2000,B,1191647,9.35,1209715,9.35
674069,10:21:18,9.35,900,15000,2000,S,1211175,9.34,1209715,9.35
674070,10:21:18,9.34,1100,15000,12000,S,1211175,9.34,1171038,9.34
674071,10:21:18,9.34,500,15000,500,S,1211175,9.34,1174882,9.34
674072,10:21:18,9.34,12500,15000,17300,S,1211175,9.34,1178599,9.34
674526,10:21:21,9.34,4800,5700,17300,S,1211774,9.33,1178599,9.34
674527,10:21:21,9.33,900,5700,900,S,1211774,9.33,618691,9.33
676711,10:21:33,9.33,1000,1000,3000,S,1214987,9.33,706136,9.33
681690,10:21:59,9.33,400,400,3000,S,1221815,9.33,706136,9.33
682993,10:22:05,9.34,1300,1300,9000,B,1218695,9.34,1223226,9.34
684255,10:22:12,9.34,1500,1500,9000,S,1225026,9.34,1223226,9.34
687081,10:22:28,9.34,3000,3000,9000,S,1229307,9.34,1223226,9.34
691754,10:22:55,9.35,200,200,4400,B,1214497,9.35,1236334,9.35
692289,10:22:58,9.35,300,300,4400,S,1237218,9.35,1236334,9.35
698663,10:23:39,9.35,100,100,4400,S,1247971,9.35,1236334,9.35
709956,10:24:54,9.35,3800,5000,4400,S,1266050,9.35,1236334,9.35
713150,10:25:16,9.35,200,5000,200,B,1266050,9.35,1271143,9.35
713801,10:25:21,9.35,1000,5000,4400,B,1266050,9.35,1272347,9.36
713802,10:25:21,9.35,500,500,4400,B,1266641,9.35,1272347,9.36
713803,10:25:21,9.35,200,200,4400,B,1268755,9.35,1272347,9.36
713804,10:25:21,9.36,2700,20000,4400,B,1151274,9.36,1272347,9.36
714960,10:25:30,9.34,2700,2700,9000,S,1274442,9.34,1223226,9.34
721849,10:26:16,9.35,100,100,2000,S,1285299,9.35,1284059,9.35
722629,10:26:22,9.35,200,200,2000,S,1286618,9.35,1284059,9.35
730386,10:27:15,9.35,1000,1000,2000,S,1298969,9.35,1284059,9.35
734315,10:27:45,9.35,700,3558,2000,S,1305597,9.35,1284059,9.35
734316,10:27:45,9.35,500,3558,500,S,1305597,9.35,1302244,9.35
747188,10:29:24,9.34,500,5000,9000,S,1327071,9.34,1223226,9.34
747189,10:29:24,9.34,4500,5000,5000,S,1327071,9.34,1276376,9.34
768041,10:32:07,9.34,500,3400,5000,S,1360692,9.34,1276376,9.34
768042,10:32:07,9.34,2900,3400,3000,S,1360692,9.34,1277143,9.34
769933,10:32:25,9.34,100,400,3000,S,1364139,9.34,1277143,9.34
769934,10:32:25,9.34,300,400,4700,S,1364139,9.34,1315855,9.34
770341,10:32:28,9.34,3000,3000,4700,S,1364791,9.34,1315855,9.34
774742,10:33:07,9.35,2358,3558,9000,B,1305597,9.35,1372113,9.35
774743,10:33:07,9.35,6642,20000,9000,B,1330231,9.35,1372113,9.35
775908,10:33:17,9.35,500,20000,500,B,1330231,9.35,1374001,9.35
776024,10:33:18,9.35,8000,20000,8000,B,1330231,9.35,1374132,9.35
776919,10:33:26,9.35,3000,20000,3000,B,1330231,9.35,1375742,9.35
777067,10:33:27,9.35,1858,20000,4000,B,1330231,9.35,1375872,9.35
777068,10:33:27,9.35,2142,10000,4000,B,1375849,9.35,1375872,9.35
777116,10:33:27,9.34,800,800,4700,S,1375937,9.34,1315855,9.34
778165,10:33:37,9.35,7858,10000,9300,B,1375849,9.35,1377769,9.35
780327,10:33:55,9.35,1000,1000,9300,S,1381269,9.35,1377769,9.35
783270,10:34:18,9.36,6500,20000,13300,B,1151274,9.36,1385633,9.36
783271,10:34:18,9.36,6800,6800,13300,B,1216685,9.36,1385633,9.36
786139,10:34:44,9.37,3000,5000,3000,B,1255937,9.37,1390357,9.37
786778,10:34:49,9.37,2000,5000,2000,B,1255937,9.37,1391337,9.37
790453,10:35:20,9.37,500,500,1500,S,1397274,9.37,1396281,9.37
795824,10:36:06,9.37,1000,1000,1500,S,1405335,9.37,1396281,9.37
798504,10:36:31,9.38,2800,5000,2800,B,1047938,9.38,1409775,9.38
802155,10:36:44,9.38,1000,5000,1000,B,1047938,9.38,1412322,9.38
809555,10:37:40,9.37,1700,1700,3600,S,1423757,9.37,1410572,9.37
809622,10:37:41,9.37,1900,2400,3600,S,1423892,9.35,1410572,9.37
809623,10:37:41,9.35,442,2400,9300,S,1423892,9.35,1377769,9.35
809624,10:37:41,9.35,58,2400,1000,S,1423892,9.35,1394618,9.35
811634,10:37:55,9.38,100,5000,100,B,1047938,9.38,1426868,9.38
818406,10:38:51,9.35,942,1300,1000,S,1437575,9.35,1394618,9.35
818407,10:38:51,9.35,358,1300,6100,S,1437575,9.35,1396677,9.35
826611,10:40:02,9.35,1300,1300,6100,S,1451029,9.35,1396677,9.35
829087,10:40:24,9.35,100,100,6100,S,1454896,9.35,1396677,9.35
834201,10:41:05,9.35,1000,1000,6100,S,1462389,9.35,1396677,9.35
839860,10:41:50,9.35,200,200,6100,S,1471112,9.35,1396677,9.35
841825,10:42:06,9.35,1000,1000,6100,S,1474334,9.35,1396677,9.35
843438,10:42:18,9.35,600,600,6100,S,1476634,9.35,1396677,9.35
846491,10:42:41,9.35,1542,9000,6100,S,1481231,9.35,1396677,9.35
846492,10:42:41,9.35,1000,9000,1000,S,1481231,9.35,1438013,9.35
846493,10:42:41,9.35,1000,9000,1000,S,1481231,9.35,1445297,9.35
846494,10:42:41,9.35,1200,9000,1200,S,1481231,9.35,1456598,9.35
846495,10:42:41,9.35,100,9000,100,S,1481231,9.35,1456974,9.35
846496,10:42:41,9.35,200,9000,200,S,1481231,9.35,1475293,9.35
847240,10:42:47,9.34,600,19000,4700,S,1482264,9.34,1315855,9.34
847241,10:42:47,9.34,300,19000,300,S,1482264,9.34,1325804,9.34
847242,10:42:47,9.34,5000,19000,5000,S,1482264,9.34,1351384,9.34
847243,10:42:47,9.34,8000,19000,8000,S,1482264,9.34,1377386,9.34
847244,10:42:47,9.34,1000,19000,1000,S,1482264,9.34,1405752,9.34
847245,10:42:47,9.34,500,19000,500,S,1482264,9.34,1423819,9.34
847246,10:42:47,9.34,3600,19000,4800,S,1482264,9.34,1431379,9.34
847346,10:42:48,9.35,1000,9000,1000,B,1481231,9.35,1482416,9.35
847347,10:42:48,9.35,1000,9000,1000,B,1481231,9.35,1482420,9.35
849121,10:43:03,9.35,1000,9000,1000,B,1481231,9.35,1485285,9.35
849128,10:43:03,9.35,958,9000,5000,B,1481231,9.35,1485311,9.35
851471,10:43:22,9.35,4042,30000,5000,S,1488729,9.33,1485311,9.35
851472,10:43:22,9.34,1200,30000,4800,S,1488729,9.33,1431379,9.34
851473,10:43:22,9.34,1000,30000,1000,S,1488729,9.33,1437085,9.34
851474,10:43:22,9.33,1600,30000,3000,S,1488729,9.33,706136,9.33
851475,10:43:22,9.33,1000,30000,1000,S,1488729,9.33,1460383,9.33
851476,10:43:22,9.33,21158,30000,46300,S,1488729,9.33,1485778,9.33
853049,10:43:35,9.34,400,400,1900,S,1491257,9.34,1488910,9.34
854284,10:43:47,9.34,1500,3000,1900,S,1493356,9.34,1488910,9.34
854285,10:43:47,9.34,1000,3000,1000,S,1493356,9.34,1489263,9.34
854286,10:43:47,9.34,500,3000,500,S,1493356,9.34,1490130,9.34
854926,10:43:53,9.34,200,200,200,B,1494153,9.34,1494374,9.34
860531,10:44:37,9.33,500,500,46300,S,1502585,9.33,1485778,9.33
863889,10:45:08,9.33,600,600,46300,S,1507954,9.33,1485778,9.33
867138,10:45:33,9.33,15000,15000,46300,S,1512617,9.33,1485778,9.33
869023,10:45:50,9.33,800,800,46300,S,1515684,9.33,1485778,9.33
870020,10:45:59,9.34,6200,20000,6200,B,1499147,9.34,1517387,9.34
870124,10:46:00,9.33,5700,5700,46300,S,1517584,9.33,1485778,9.33
871186,10:46:08,9.34,9000,20000,9000,B,1499147,9.34,1518995,9.34
876678,10:46:48,9.33,2542,3000,46300,S,1526603,9.33,1485778,9.33
876809,10:46:50,9.33,458,3000,1000,B,1526603,9.33,1526892,9.33
876956,10:46:51,9.33,542,542,1000,S,1527039,9.33,1526892,9.33
882253,10:47:19,9.33,5200,5200,6100,B,1529200,9.33,1532910,9.33
885299,10:47:36,9.33,900,1500,6100,S,1536535,9.33,1532910,9.33
886268,10:47:41,9.33,300,1500,300,B,1536535,9.33,1537637,9.33
887725,10:47:50,9.32,1000,4358,1000,S,1539522,9.32,680144,9.32
887726,10:47:50,9.32,1000,4358,1000,S,1539522,9.32,688749,9.32
887727,10:47:50,9.32,2358,4358,9600,S,1539522,9.32,1187977,9.32
887863,10:47:52,9.33,100,1500,100,B,1536535,9.33,1539856,9.33
894516,10:48:31,9.33,200,1500,9100,B,1536535,9.33,1547569,9.34
894517,10:48:31,9.33,100,100,9100,B,1536793,9.33,1547569,9.34
894518,10:48:31,9.33,2100,2100,9100,B,1546997,9.33,1547569,9.34
894519,10:48:31,9.34,4800,20000,9100,B,1499147,9.34,1547569,9.34
895721,10:48:41,9.34,1000,1000,9100,S,1549664,9.34,1547569,9.34
897537,10:48:57,9.34,100,100,9100,S,1552702,9.34,1547569,9.34
898873,10:49:06,9.34,500,500,9100,S,1554436,9.34,1547569,9.34
899938,10:49:15,9.34,300,300,9100,S,1556163,9.34,1547569,9.34
910350,10:50:43,9.32,3000,3000,9600,S,1572635,9.32,1187977,9.32
912871,10:51:06,9.33,600,1000,600,S,1576723,9.32,1576721,9.33
912872,10:51:06,9.32,400,1000,9600,S,1576723,9.32,1187977,9.32
913337,10:51:09,9.32,1500,1500,9600,S,1577274,9.32,1187977,9.32
913668,10:51:11,9.32,600,600,9600,S,1577791,9.32,1187977,9.32
920858,10:52:17,9.32,1000,1000,9600,S,1589740,9.32,1187977,9.32
922125,10:52:29,9.32,742,1500,9600,S,1591759,9.32,1187977,9.32
922126,10:52:29,9.32,100,1500,100,S,1591759,9.32,1537123,9.32
922127,10:52:29,9.32,658,1500,1400,S,1591759,9.32,1539188,9.32
923077,10:52:37,9.34,200,200,1000,B,1565305,9.34,1593206,9.34
923078,10:52:37,9.34,800,1200,1000,B,1578611,9.34,1593206,9.34
923129,10:52:38,9.32,500,500,1400,S,1593282,9.32,1539188,9.32
923292,10:52:40,9.32,242,2200,1400,S,1593631,9.32,1539188,9.32
924138,10:52:48,9.32,1000,2200,1000,B,1593631,9.32,1594958,9.32
924143,10:52:48,9.32,958,2200,958,B,1593631,9.32,1594968,9.32
928593,10:53:29,9.34,400,1200,20000,B,1578611,9.34,1602206,9.39
928594,10:53:29,9.35,2700,2700,20000,B,1564617,9.35,1602206,9.39
928595,10:53:29,9.36,800,800,20000,B,1514783,9.36,1602206,9.39
928596,10:53:29,9.38,1100,5000,20000,B,1047938,9.38,1602206,9.39
928597,10:53:29,9.38,300,300,20000,B,1416013,9.38,1602206,9.39
928598,10:53:29,9.38,1000,1000,20000,B,1463139,9.38,1602206,9.39
928599,10:53:29,9.39,100,100,20000,B,1247040,9.39,1602206,9.39
928600,10:53:29,9.39,5000,5000,20000,B,1252475,9.39,1602206,9.39
928601,10:53:29,9.39,1000,1000,20000,B,1467481,9.39,1602206,9.39
929850,10:53:43,9.4,2428,7528,23000,B,698526,9.4,1604454,9.43
929851,10:53:43,9.4,1500,1500,23000,B,991756,9.4,1604454,9.43
929852,10:53:43,9.4,2000,2000,23000,B,1166230,9.4,1604454,9.43
929853,10:53:43,9.4,400,400,23000,B,1548457,9.4,1604454,9.43
929854,10:53:43,9.41,100,100,23000,B,1149833,9.41,1604454,9.43
929855,10:53:43,9.41,5000,5000,23000,B,1249266,9.41,1604454,9.43
929856,10:53:43,9.42,1000,1000,23000,B,699289,9.42,1604454,9.43
929857,10:53:43,9.43,3300,30000,23000,B,553768,9.43,1604454,9.43
929858,10:53:43,9.43,1000,1000,23000,B,929234,9.43,1604454,9.43
929859,10:53:43,9.43,6272,20000,23000,B,1002311,9.43,1604454,9.43
930105,10:53:45,9.39,100,100,20000,S,1604853,9.39,1602206,9.39
930483,10:53:48,9.39,700,700,20000,S,1605399,9.39,1602206,9.39
932088,10:54:05,9.43,13728,20000,55000,B,1002311,9.43,1608143,9.43
932089,10:54:05,9.43,1000,1000,55000,B,1606016,9.43,1608143,9.43
933059,10:54:13,9.43,4700,4700,55000,S,1609414,9.43,1608143,9.43
936075,10:54:41,9.43,700,700,55000,S,1614067,9.43,1608143,9.43
936456,10:54:45,9.43,10000,10000,55000,S,1614759,9.43,1608143,9.43
938296,10:55:01,9.43,24872,39600,55000,S,1617438,9.43,1608143,9.43
938297,10:55:01,9.43,1000,39600,1000,S,1617438,9.43,1611317,9.43
940519,10:55:20,9.43,13728,39600,35000,B,1617438,9.43,1620855,9.44
940520,10:55:20,9.43,1000,1000,35000,B,1618612,9.43,1620855,9.44
940521,10:55:20,9.43,1000,1000,35000,B,1619650,9.43,1620855,9.44
940522,10:55:20,9.43,300,300,35000,B,1619714,9.43,1620855,9.44
940523,10:55:20,9.43,300,300,35000,B,1620796,9.43,1620855,9.44
940524,10:55:20,9.44,18600,25000,35000,B,401597,9.44,1620855,9.44
940525,10:55:20,9.44,72,5000,35000,B,767003,9.44,1620855,9.44
942589,10:55:39,9.43,1000,1000,6500,B,1621687,9.43,1624130,9.44
942590,10:55:39,9.43,2000,2000,6500,B,1623467,9.43,1624130,9.44
942591,10:55:39,9.44,3500,5000,6500,B,767003,9.44,1624130,9.44
944527,10:55:57,9.44,1428,5000,1500,B,767003,9.44,1627208,9.44
944528,10:55:57,9.44,72,1000,1500,B,1619115,9.44,1627208,9.44
945664,10:56:08,9.39,2200,2200,20000,S,1629169,9.39,1602206,9.39
948416,10:56:31,9.39,100,100,20000,S,1633441,9.39,1602206,9.39
949856,10:56:43,9.42,900,2000,900,B,1634179,9.42,1635473,9.42
950643,10:56:49,9.39,400,400,20000,S,1636598,9.39,1602206,9.39
953656,10:57:15,9.4,1000,20000,1000,S,1641086,9.4,1636882,9.4
954376,10:57:22,9.4,13500,20000,13500,B,1641086,9.4,1642473,9.4
956315,10:57:40,9.39,1600,1600,20000,S,1645631,9.39,1602206,9.39
957595,10:57:53,9.4,5500,20000,25800,B,1641086,9.4,1647777,9.4
958002,10:57:56,9.4,100,100,25800,S,1648389,9.4,1647777,9.4
961932,10:58:35,9.42,1000,2000,1000,B,1634179,9.42,1655071,9.42
963447,10:58:50,9.42,100,2000,100,B,1634179,9.42,1657731,9.42
963509,10:58:51,9.4,300,300,25800,S,1657802,9.4,1647777,9.4
968090,10:59:35,9.41,500,500,1100,S,1665394,9.41,1661167,9.41
968975,10:59:44,9.41,100,100,1100,S,1666928,9.41,1661167,9.41
970624,11:00:01,9.41,500,2300,1100,S,1669871,9.4,1661167,9.41
970625,11:00:01,9.4,1800,2300,25800,S,1669871,9.4,1647777,9.4
971111,11:00:05,9.4,600,600,25800,S,1670676,9.4,1647777,9.4
976992,11:01:07,9.41,700,700,700,S,1680723,9.41,1671025,9.41
979579,11:01:35,9.4,100,100,25800,S,1684772,9.4,1647777,9.4
984534,11:02:27,9.4,1000,1000,25800,S,1692776,9.4,1647777,9.4
985613,11:02:40,9.4,900,900,25800,S,1694721,9.4,1647777,9.4
985751,11:02:41,9.4,100,100,25800,S,1694961,9.4,1647777,9.4
988865,11:03:14,9.4,15400,20000,25800,S,1699964,9.4,1647777,9.4
991158,11:03:39,9.4,100,20000,100,B,1699964,9.4,1703603,9.4
992399,11:03:53,9.4,500,20000,500,B,1699964,9.4,1705685,9.4
993294,11:04:04,9.39,2500,3000,20000,S,1707421,9.39,1602206,9.39
996989,11:04:41,9.39,500,3000,7700,B,1707421,9.39,1712920,9.39
1004102,11:05:53,9.39,7200,10600,7700,S,1723905,9.39,1712920,9.39
1027024,11:10:16,9.39,3400,10600,5000,B,1723905,9.39,1760882,9.39
1027025,11:10:16,9.39,1600,2000,5000,B,1758398,9.39,1760882,9.39
1036993,11:12:21,9.39,400,2000,2900,B,1758398,9.39,1776794,9.39
1036994,11:12:21,9.39,2500,10000,2900,B,1767446,9.39,1776794,9.39
1038853,11:12:44,9.39,700,10000,700,B,1767446,9.39,1779711,9.39
1047746,11:14:21,9.39,100,10000,100,B,1767446,9.39,1792310,9.39
1049936,11:14:46,9.39,100,10000,100,B,1767446,9.39,1795477,9.39
1050980,11:14:58,9.38,500,500,500,S,1797040,9.38,1723542,9.38
1052766,11:15:14,9.36,5100,5100,6800,S,1799322,9.36,1793520,9.36
1053671,11:15:24,9.36,100,100,6800,S,1800630,9.36,1793520,9.36
1054182,11:15:29,9.36,500,500,6800,S,1801351,9.36,1793520,9.36
1054813,11:15:35,9.36,100,100,6800,S,1802135,9.36,1793520,9.36
1063078,11:16:59,9.36,100,100,6800,S,1814262,9.36,1793520,9.36
1063862,11:17:08,9.36,900,5100,6800,S,1815551,9.34,1793520,9.36
1063863,11:17:08,9.36,1000,5100,1000,S,1815551,9.34,1810766,9.36
1063864,11:17:08,9.35,1000,5100,1000,S,1815551,9.34,1734135,9.35
1063865,11:17:08,9.34,500,5100,500,S,1815551,9.34,1612761,9.34
1063866,11:17:08,9.34,1000,5100,1000,S,1815551,9.34,1644044,9.34
1063867,11:17:08,9.34,300,5100,300,S,1815551,9.34,1645171,9.34
1063868,11:17:08,9.34,400,5100,2000,S,1815551,9.34,1674677,9.34
1064643,11:17:18,9.36,300,300,300,B,1816626,9.36,1816814,9.36
1068538,11:17:59,9.36,300,2000,300,S,1822360,9.36,1816815,9.36
1068539,11:17:59,9.36,300,2000,300,S,1822360,9.36,1816816,9.36
1068540,11:17:59,9.36,200,2000,200,S,1822360,9.36,1816822,9.36
1068710,11:18:00,9.36,1200,2000,1200,B,1822360,9.36,1822594,9.36
1071261,11:18:26,9.36,500,500,1200,S,1826059,9.36,1822609,9.36
1071552,11:18:29,9.36,700,2000,1200,S,1826413,9.36,1822609,9.36
1071799,11:18:31,9.36,1300,2000,1300,B,1826413,9.36,1826684,9.36
1076072,11:19:15,9.39,6600,10000,34000,B,1767446,9.39,1832809,9.43
1076073,11:19:15,9.39,500,500,34000,B,1793698,9.39,1832809,9.43
1076074,11:19:15,9.4,4000,20000,34000,B,1699964,9.4,1832809,9.43
1076075,11:19:15,9.4,100,100,34000,B,1734826,9.4,1832809,9.43
1076076,11:19:15,9.4,200,200,34000,B,1764694,9.4,1832809,9.43
1076077,11:19:15,9.43,800,800,34000,B,1638161,9.43,1832809,9.43
1076078,11:19:15,9.43,10300,10300,34000,B,1782425,9.43,1832809,9.43
1076079,11:19:15,9.43,11500,20000,34000,B,1793475,9.43,1832809,9.43
1077303,11:19:24,9.43,8500,20000,56000,B,1793475,9.43,1834165,9.45
1077304,11:19:24,9.44,928,1000,56000,B,1619115,9.44,1834165,9.45
1077305,11:19:24,9.44,2000,2000,56000,B,1623874,9.44,1834165,9.45
1077306,11:19:24,9.44,1000,1000,56000,B,1627559,9.44,1834165,9.45
1077307,11:19:24,9.44,4000,4000,56000,B,1628207,9.44,1834165,9.45
1077308,11:19:24,9.44,1000,1000,56000,B,1629719,9.44,1834165,9.45
1077309,11:19:24,9.45,5000,5000,56000,B,390156,9.45,1834165,9.45
1077310,11:19:24,9.45,11300,11300,56000,B,399442,9.45,1834165,9.45
1077311,11:19:24,9.45,400,400,56000,B,436116,9.45,1834165,9.45
1077312,11:19:24,9.45,1000,1000,56000,B,514407,9.45,1834165,9.45
1077313,11:19:24,9.45,10000,10000,56000,B,603301,9.45,1834165,9.45
1077314,11:19:24,9.45,300,300,56000,B,1205654,9.45,1834165,9.45
1077315,11:19:24,9.45,2000,2000,56000,B,1213151,9.45,1834165,9.45
1077316,11:19:24,9.45,2000,2000,56000,B,1587896,9.45,1834165,9.45
1077317,11:19:24,9.45,6572,10000,56000,B,1624774,9.45,1834165,9.45
1080395,11:19:54,9.45,3428,10000,21000,B,1624774,9.45,1838350,9.46
1080396,11:19:54,9.45,2000,2000,21000,B,1703426,9.45,1838350,9.46
1080397,11:19:54,9.46,10000,10000,21000,B,369784,9.46,1838350,9.46
1080398,11:19:54,9.46,800,800,21000,B,1140223,9.46,1838350,9.46
1080399,11:19:54,9.46,4772,5000,21000,B,1624881,9.46,1838350,9.46
1080875,11:19:59,9.45,5000,5000,54300,B,1838933,9.45,1839154,9.48
1080876,11:19:59,9.45,5000,5000,54300,B,1838964,9.45,1839154,9.48
1080877,11:19:59,9.46,228,5000,54300,B,1624881,9.46,1839154,9.48
1080878,11:19:59,9.46,2000,2000,54300,B,1729475,9.46,1839154,9.48
1080879,11:19:59,9.47,10000,10000,54300,B,382171,9.47,1839154,9.48
1080880,11:19:59,9.48,400,400,54300,B,365983,9.48,1839154,9.48
1080881,11:19:59,9.48,5000,5000,54300,B,374194,9.48,1839154,9.48
1080882,11:19:59,9.48,10000,10000,54300,B,1628253,9.48,1839154,9.48
1080883,11:19:59,9.48,100,100,54300,B,1629745,9.48,1839154,9.48
1081109,11:20:02,9.48,10000,10000,54300,S,1839525,9.48,1839154,9.48
1081930,11:20:11,9.48,5000,5000,54300,S,1840857,9.48,1839154,9.48
1082546,11:20:17,9.49,5000,5000,43500,B,354630,9.49,1841701,9.5
1082547,11:20:17,9.49,5000,5000,43500,B,367051,9.49,1841701,9.5
1082548,11:20:17,9.49,300,300,43500,B,803139,9.49,1841701,9.5
1082549,11:20:17,9.49,1000,1000,43500,B,894153,9.49,1841701,9.5
1082550,11:20:17,9.49,2500,2500,43500,B,1393436,9.49,1841701,9.5
1082551,11:20:17,9.49,2500,2500,43500,B,1645758,9.49,1841701,9.5
1082552,11:20:17,9.49,500,500,43500,B,1651597,9.49,1841701,9.5
1082553,11:20:17,9.5,10000,10000,43500,B,355748,9.5,1841701,9.5
1082554,11:20:17,9.5,1000,1000,43500,B,360226,9.5,1841701,9.5
1082555,11:20:17,9.5,15700,20000,43500,B,402889,9.5,1841701,9.5
1082557,11:20:17,9.48,1572,2000,54300,S,1841703,9.48,1839154,9.48
1083122,11:20:23,9.48,428,2000,30000,B,1841703,9.48,1842507,9.49
1083205,11:20:24,9.49,10000,10000,30000,S,1842628,9.49,1842507,9.49
1083496,11:20:27,9.49,900,900,30000,S,1843145,9.49,1842507,9.49
1083621,11:20:29,9.49,18672,20000,30000,S,1843408,9.48,1842507,9.49
1083622,11:20:29,9.48,1000,20000,1000,S,1843408,9.48,1843217,9.48
1086559,11:21:06,9.47,1200,1200,36000,B,1848437,9.47,1848585,9.48
1086560,11:21:06,9.47,1000,1000,36000,B,1848442,9.47,1848585,9.48
1086561,11:21:06,9.48,328,20000,36000,B,1843408,9.48,1848585,9.48
1086562,11:21:06,9.48,10000,10000,36000,B,1846812,9.48,1848585,9.48
1086563,11:21:06,9.48,500,500,36000,B,1846848,9.48,1848585,9.48
1086564,11:21:06,9.48,1000,1000,36000,B,1848551,9.48,1848585,9.48
1086692,11:21:08,9.48,3000,3000,36000,S,1848822,9.48,1848585,9.48
1086867,11:21:10,9.49,200,200,200,B,1844851,9.49,1849172,9.49
1087639,11:21:19,9.5,4300,20000,4500,B,402889,9.5,1850386,9.5
1087640,11:21:19,9.5,200,300,4500,B,482489,9.5,1850386,9.5
1088559,11:21:29,9.49,500,20000,500,S,1851844,9.48,1851543,9.49
1088560,11:21:29,9.48,18972,20000,36000,S,1851844,9.48,1848585,9.48
1088561,11:21:29,9.48,528,20000,1000,S,1851844,9.48,1851409,9.48
1088960,11:21:34,9.49,1500,2000,1500,B,1852390,9.49,1852494,9.49
1089699,11:21:42,9.49,100,2000,100,B,1852390,9.49,1853620,9.49
1090095,11:21:47,9.49,400,2000,50000,B,1852390,9.49,1854233,9.5
1090096,11:21:47,9.49,200,200,50000,B,1852406,9.49,1854233,9.5
1090097,11:21:47,9.5,100,300,50000,B,482489,9.5,1854233,9.5
1090098,11:21:47,9.5,300,300,50000,B,503314,9.5,1854233,9.5
1090099,11:21:47,9.5,2000,2000,50000,B,1440913,9.5,1854233,9.5
1090100,11:21:47,9.5,1500,1500,50000,B,1443938,9.5,1854233,9.5
1090101,11:21:47,9.5,1500,1500,50000,B,1614524,9.5,1854233,9.5
1090102,11:21:47,9.5,1000,1000,50000,B,1637599,9.5,1854233,9.5
1090103,11:21:47,9.5,100,100,50000,B,1766106,9.5,1854233,9.5
1090104,11:21:47,9.5,3500,3500,50000,B,1844998,9.5,1854233,9.5
1090105,11:21:47,9.5,4000,4000,50000,B,1847287,9.5,1854233,9.5
1090106,11:21:47,9.5,2000,2000,50000,B,1853792,9.5,1854233,9.5
1090795,11:21:53,9.5,1000,1000,50000,S,1855139,9.5,1854233,9.5
1091540,11:22:01,9.5,4000,4000,50000,S,1856088,9.5,1854233,9.5
1091949,11:22:04,9.5,700,700,50000,S,1856639,9.5,1854233,9.5
1091962,11:22:04,9.5,15000,15000,50000,S,1856646,9.5,1854233,9.5
1091990,11:22:05,9.5,2000,2000,50000,S,1856711,9.5,1854233,9.5
1092246,11:22:07,9.5,2000,2000,50000,S,1857021,9.5,1854233,9.5
1092349,11:22:09,9.51,600,600,30000,B,340334,9.51,1857226,9.52
1092350,11:22:09,9.51,10000,10000,30000,B,342932,9.51,1857226,9.52
1092351,11:22:09,9.51,2000,2000,30000,B,1629353,9.51,1857226,9.52
1092352,11:22:09,9.51,1000,1000,30000,B,1856581,9.51,1857226,9.52
1092353,11:22:09,9.51,2000,2000,30000,B,1856864,9.51,1857226,9.52
1092354,11:22:09,9.52,200,2000,30000,B,335175,9.52,1857226,9.52
1092355,11:22:09,9.52,5000,5000,30000,B,351076,9.52,1857226,9.52
1092356,11:22:09,9.52,600,600,30000,B,707564,9.52,1857226,9.52
1092357,11:22:09,9.52,8600,16500,30000,B,1843542,9.52,1857226,9.52
1092413,11:22:10,9.5,5000,5000,50000,S,1857352,9.5,1854233,9.5
1093264,11:22:18,9.5,3700,12300,50000,S,1858517,9.5,1854233,9.5
1093265,11:22:18,9.5,100,12300,100,S,1858517,9.5,1855778,9.5
1093266,11:22:18,9.5,4000,12300,4000,S,1858517,9.5,1858238,9.5
1093271,11:22:18,9.5,100,12300,100,B,1858517,9.5,1858524,9.5
1093307,11:22:18,9.5,2000,12300,2000,B,1858517,9.5,1858563,9.5
1093668,11:22:22,9.5,100,12300,100,B,1858517,9.5,1859104,9.5
1093751,11:22:23,9.5,2300,12300,9000,B,1858517,9.5,1859166,9.52
1093752,11:22:23,9.5,1000,1000,9000,B,1858580,9.5,1859166,9.52
1093753,11:22:23,9.5,800,800,9000,B,1858628,9.5,1859166,9.52
1093754,11:22:23,9.52,4900,16500,9000,B,1843542,9.52,1859166,9.52
1094895,11:22:34,9.52,1000,16500,1000,B,1843542,9.52,1860640,9.52
1095354,11:22:38,9.52,2000,16500,2000,B,1843542,9.52,1861193,9.52
1096339,11:22:46,9.51,1900,2000,1900,S,1862323,9.51,1859380,9.51
1097599,11:22:58,9.51,100,2000,100,B,1862323,9.51,1863904,9.51
1097668,11:22:59,9.5,1000,2200,1000,S,1863992,9.48,1859925,9.5
1097669,11:22:59,9.48,472,2200,1000,S,1863992,9.48,1851409,9.48
1098018,11:23:04,9.48,600,2200,600,B,1863992,9.48,1864611,9.48
1098494,11:23:09,9.48,128,2200,500,B,1863992,9.48,1865274,9.5
1098495,11:23:09,9.5,372,800,500,B,1864560,9.5,1865274,9.5
1099211,11:23:18,9.47,2100,2100,50000,S,1866452,9.47,1866166,9.47
1100922,11:23:36,9.47,10700,10700,50000,S,1868877,9.47,1866166,9.47
1102068,11:23:47,9.47,500,500,50000,S,1870339,9.47,1866166,9.47
1102251,11:23:49,9.49,500,3000,500,B,1868966,9.49,1870588,9.49
1102263,11:23:49,9.47,3900,3900,50000,S,1870624,9.47,1866166,9.47
1104276,11:24:11,9.47,400,400,50000,S,1873423,9.47,1866166,9.47
1104940,11:24:19,9.47,2000,2000,50000,S,1874541,9.47,1866166,9.47
1107624,11:24:44,9.47,700,700,50000,S,1878225,9.47,1866166,9.47
1107846,11:24:47,9.48,1000,1000,1000,B,1870843,9.48,1878609,9.48
1108061,11:24:49,9.47,2000,2000,50000,S,1878933,9.47,1866166,9.47
1109264,11:25:02,9.48,500,500,1600,B,1875533,9.48,1880768,9.48
1109265,11:25:02,9.48,500,500,1600,B,1876990,9.48,1880768,9.48
1111449,11:25:24,9.48,600,31000,1600,S,1884022,9.47,1880768,9.48
1111450,11:25:24,9.48,16100,31000,16100,S,1884022,9.47,1882446,9.48
1111451,11:25:24,9.47,14300,31000,50000,S,1884022,9.47,1866166,9.47
1111619,11:25:25,9.49,100,3000,100,B,1868966,9.49,1884204,9.49
1112261,11:25:31,9.49,2400,3000,10000,B,1868966,9.49,1885054,9.49
1112262,11:25:31,9.49,1000,1000,10000,B,1869941,9.49,1885054,9.49
1112263,11:25:31,9.49,2000,2000,10000,B,1873850,9.49,1885054,9.49
1112264,11:25:31,9.49,4000,4000,10000,B,1881330,9.49,1885054,9.49
1112552,11:25:33,9.49,500,500,10000,S,1885372,9.49,1885054,9.49
1112553,11:25:34,9.49,100,3000,10000,S,1885377,9.48,1885054,9.49
1113962,11:25:49,9.47,11900,11900,50000,S,1887357,9.47,1866166,9.47
1114022,11:25:50,9.48,2900,3000,6300,B,1885377,9.48,1887443,9.48
1114023,11:25:50,9.48,3400,3400,6300,B,1886174,9.48,1887443,9.48
1114918,11:26:02,9.47,1500,13000,50000,S,1888957,9.47,1866166,9.47
1115242,11:26:06,9.47,5000,13000,5000,B,1888957,9.47,1889391,9.47
1116155,11:26:19,9.46,1000,20000,1000,S,1890939,9.45,1857613,9.46
1116156,11:26:19,9.45,19000,20000,43500,S,1890939,9.45,1850216,9.45
1117523,11:26:34,9.45,2000,2000,43500,S,1892945,9.45,1850216,9.45
1118540,11:26:47,9.45,2000,2000,43500,S,1894485,9.45,1850216,9.45
1119279,11:26:54,9.46,900,900,11800,B,1891032,9.46,1895346,9.46
1119394,11:26:55,9.46,300,300,11800,S,1895471,9.46,1895346,9.46
1125123,11:28:09,9.46,10000,10000,11800,S,1904070,9.46,1895346,9.46
1125608,11:28:16,9.46,600,4600,11800,S,1904883,9.46,1895346,9.46
1125609,11:28:16,9.46,2000,4600,2000,S,1904883,9.46,1903765,9.46
1126009,11:28:22,9.46,300,4600,300,B,1904883,9.46,1905537,9.46
1126234,11:28:25,9.46,1700,4600,3000,B,1904883,9.46,1905888,9.46
1126235,11:28:25,9.46,500,500,3000,B,1904904,9.46,1905888,9.46
1129379,11:29:10,9.47,200,13000,200,B,1888957,9.47,1910751,9.47
1130885,11:29:28,9.47,2700,13000,2700,B,1888957,9.47,1912596,9.47
1134751,13:00:01,9.46,500,500,3000,S,1919861,9.46,1905888,9.46
1135535,13:00:01,9.46,300,1400,3000,S,1922285,9.46,1905888,9.46
1139095,13:00:05,9.46,500,1400,500,B,1922285,9.46,1935171,9.46
1141408,13:00:19,9.46,600,1400,700,B,1922285,9.46,1942668,9.46
1141409,13:00:19,9.46,100,300,700,B,1938152,9.46,1942668,9.46
1142684,13:00:31,9.46,200,300,1000,B,1938152,9.46,1945877,9.47
1142685,13:00:31,9.47,800,13000,1000,B,1888957,9.47,1945877,9.47
1145206,13:01:16,9.47,2800,13000,4000,B,1888957,9.47,1949854,9.47
1145207,13:01:16,9.47,329,329,4000,B,1915282,9.47,1949854,9.47
1145208,13:01:16,9.47,100,100,4000,B,1919942,9.47,1949854,9.47
1145209,13:01:16,9.47,771,5000,4000,B,1930184,9.47,1949854,9.47
1146308,13:01:30,9.45,100,100,43500,S,1951288,9.45,1850216,9.45
1146685,13:01:38,9.47,1100,5000,1100,B,1930184,9.47,1951935,9.47
1149006,13:02:17,9.45,20400,24600,43500,S,1955110,9.45,1850216,9.45
1149007,13:02:17,9.45,1300,24600,1300,S,1955110,9.45,1954983,9.45
1161756,13:05:32,9.45,2900,24600,3600,B,1955110,9.45,1973542,9.45
1166397,13:06:52,9.45,200,200,3600,S,1981628,9.45,1973542,9.45
1167770,13:07:10,9.46,200,700,200,S,1983553,9.45,1983478,9.46
1167771,13:07:10,9.45,500,700,3600,S,1983553,9.45,1973542,9.45
1168528,13:07:20,9.47,1000,5000,1000,B,1930184,9.47,1984606,9.47
1169243,13:07:32,9.47,300,5000,300,B,1930184,9.47,1985773,9.47
1185284,13:11:11,9.46,200,500,200,B,1992959,9.46,2010691,9.46
1186166,13:11:24,9.45,1000,1000,1000,S,2012136,9.45,1988356,9.45
1190437,13:12:26,9.45,100,100,100,S,2019144,9.45,2014754,9.45
1197951,13:14:25,9.43,1000,5000,1000,S,2032469,9.43,2027367,9.43
1199141,13:14:41,9.43,400,5000,400,B,2032469,9.43,2034304,9.43
1215935,13:18:12,9.43,1000,5000,1000,B,2032469,9.43,2060733,9.43
1217411,13:18:28,9.43,200,5000,200,B,2032469,9.43,2063035,9.43
1219633,13:18:52,9.43,1100,5000,1100,B,2032469,9.43,2066280,9.43
1223809,13:19:46,9.42,1100,1100,1200,S,2073568,9.42,1845986,9.42
1229149,13:20:55,9.42,100,2800,1200,S,2082767,9.41,1845986,9.42
1229150,13:20:55,9.42,1100,2800,1100,S,2082767,9.41,1921092,9.42
1229151,13:20:55,9.42,300,2800,300,S,2082767,9.41,2026590,9.42
1229152,13:20:55,9.42,100,2800,100,S,2082767,9.41,2070041,9.42
1229153,13:20:55,9.41,1200,2800,10000,S,2082767,9.41,1844629,9.41
1231471,13:21:25,9.43,1000,5000,1000,B,2032469,9.43,2086690,9.43
1236577,13:22:24,9.43,300,5000,500,B,2032469,9.43,2094495,9.43
1236578,13:22:24,9.43,100,100,500,B,2033013,9.43,2094495,9.43
1236579,13:22:24,9.43,100,1400,500,B,2083976,9.43,2094495,9.43
1236626,13:22:25,9.43,1300,1400,3000,B,2083976,9.43,2094624,9.43
1248190,13:24:38,9.45,1000,2000,1000,B,2019577,9.45,2111996,9.45
1248706,13:24:45,9.45,1000,2000,1500,B,2019577,9.45,2112885,9.45
1248707,13:24:45,9.45,300,300,1500,B,2031950,9.45,2112885,9.45
1248708,13:24:45,9.45,200,600,1500,B,2096961,9.45,2112885,9.45
1249325,13:24:52,9.43,1700,3500,3000,S,2113800,9.43,2094624,9.43
1249326,13:24:52,9.43,1800,3500,10000,S,2113800,9.43,2101795,9.43
1249625,13:24:56,9.45,400,600,1800,B,2096961,9.45,2114370,9.45
1249626,13:24:56,9.45,200,200,1800,B,2100079,9.45,2114370,9.45
1250123,13:25:02,9.45,1200,1200,1800,S,2115148,9.45,2114370,9.45
1264280,13:28:10,9.45,500,500,5000,B,2125548,9.45,2139139,9.45
1264832,13:28:19,9.45,4500,4500,5000,S,2140251,9.45,2139139,9.45
1271590,13:29:42,9.44,1000,2000,1000,S,2150747,9.44,2126721,9.44
1271591,13:29:42,9.44,1000,2000,2300,S,2150747,9.44,2138621,9.44
1277254,13:30:58,9.44,1300,2000,2300,S,2160456,9.44,2138621,9.44
1277255,13:30:58,9.44,700,2000,700,S,2160456,9.44,2148558,9.44
1282038,13:31:49,9.43,5000,5000,10000,S,2166973,9.43,2101795,9.43
1285157,13:32:27,9.43,3200,5000,10000,S,2171910,9.43,2101795,9.43
1285158,13:32:27,9.43,1300,5000,1300,S,2171910,9.43,2107774,9.43
1285159,13:32:27,9.43,200,5000,200,S,2171910,9.43,2115886,9.43
1285775,13:32:33,9.43,300,5000,3000,B,2171910,9.43,2172826,9.43
1286406,13:32:40,9.43,1000,1000,3000,S,2173701,9.43,2172826,9.43
1287384,13:32:52,9.43,1000,1000,3000,S,2175258,9.43,2172826,9.43
1287728,13:32:55,9.43,700,5000,3000,S,2175730,9.43,2172826,9.43
1288379,13:33:03,9.43,1000,5000,1000,B,2175730,9.43,2176714,9.43
1291571,13:33:29,9.43,100,5000,100,B,2175730,9.43,2180334,9.43
1295220,13:34:08,9.42,1000,2000,1000,S,2186050,9.42,2089086,9.42
1295221,13:34:08,9.42,1000,2000,1100,S,2186050,9.42,2136651,9.42
1296274,13:34:20,9.42,100,1600,1100,S,2187812,9.42,2136651,9.42
1296839,13:34:25,9.42,1000,1600,1000,B,2187812,9.42,2188517,9.42
1302330,13:35:08,9.42,500,1600,30000,B,2187812,9.42,2195625,9.45
1302331,13:35:08,9.42,5000,5000,30000,B,2191171,9.42,2195625,9.45
1302332,13:35:08,9.42,2000,2000,30000,B,2192546,9.42,2195625,9.45
1302333,13:35:08,9.42,4000,4000,30000,B,2192588,9.42,2195625,9.45
1302334,13:35:08,9.43,3200,5000,30000,B,2175730,9.43,2195625,9.45
1302335,13:35:08,9.43,3700,3700,30000,B,2176196,9.43,2195625,9.45
1302336,13:35:08,9.44,2000,2000,30000,B,2165001,9.44,2195625,9.45
1302337,13:35:08,9.44,3200,3200,30000,B,2168475,9.44,2195625,9.45
1302338,13:35:08,9.44,1000,1000,30000,B,2172088,9.44,2195625,9.45
1302339,13:35:08,9.45,600,600,30000,B,2183547,9.45,2195625,9.45
1302340,13:35:08,9.45,4800,5000,30000,B,2188964,9.45,2195625,9.45
1307369,13:35:52,9.45,200,5000,47800,B,2188964,9.45,2203236,9.49
1307370,13:35:52,9.45,6000,6000,47800,B,2202673,9.45,2203236,9.49
1307371,13:35:52,9.46,300,500,47800,B,1992959,9.46,2203236,9.49
1307372,13:35:52,9.46,5000,5000,47800,B,2016962,9.46,2203236,9.49
1307373,13:35:52,9.46,1000,1000,47800,B,2114627,9.46,2203236,9.49
1307374,13:35:52,9.46,5000,5000,47800,B,2173489,9.46,2203236,9.49
1307375,13:35:52,9.47,1829,5000,47800,B,1930184,9.47,2203236,9.49
1307376,13:35:52,9.47,1000,1000,47800,B,2116218,9.47,2203236,9.49
1307377,13:35:52,9.47,500,500,47800,B,2121522,9.47,2203236,9.49
1307378,13:35:52,9.47,2000,2000,47800,B,2125449,9.47,2203236,9.49
1307379,13:35:52,9.48,5000,5000,47800,B,1930238,9.48,2203236,9.49
1307380,13:35:52,9.48,1700,1700,47800,B,1993300,9.48,2203236,9.49
1307381,13:35:52,9.48,5000,5000,47800,B,1997905,9.48,2203236,9.49
1307382,13:35:52,9.48,1500,1500,47800,B,2166192,9.48,2203236,9.49
1307383,13:35:52,9.49,10000,10000,47800,B,1930239,9.49,2203236,9.49
1307384,13:35:52,9.49,1771,8000,47800,B,2165361,9.49,2203236,9.49
1308197,13:35:59,9.49,6229,8000,50000,B,2165361,9.49,2204599,9.5
1308198,13:35:59,9.5,428,800,50000,B,1864560,9.5,2204599,9.5
1308199,13:35:59,9.5,1000,1000,50000,B,1864618,9.5,2204599,9.5
1308200,13:35:59,9.5,2000,2000,50000,B,1865799,9.5,2204599,9.5
1308201,13:35:59,9.5,400,400,50000,B,1875454,9.5,2204599,9.5
1308202,13:35:59,9.5,300,300,50000,B,1877991,9.5,2204599,9.5
1308203,13:35:59,9.5,2000,2000,50000,B,1893465,9.5,2204599,9.5
1308204,13:35:59,9.5,4800,4800,50000,B,1919530,9.5,2204599,9.5
1308205,13:35:59,9.5,5000,5000,50000,B,1930540,9.5,2204599,9.5
1308206,13:35:59,9.5,10000,10000,50000,B,1943362,9.5,2204599,9.5
1308207,13:35:59,9.5,4300,4300,50000,B,1974729,9.5,2204599,9.5
1308208,13:35:59,9.5,500,500,50000,B,2000223,9.5,2204599,9.5
1308209,13:35:59,9.5,500,500,50000,B,2037541,9.5,2204599,9.5
1308210,13:35:59,9.5,1800,1800,50000,B,2039181,9.5,2204599,9.5
1308211,13:35:59,9.5,10743,20000,50000,B,2095088,9.5,2204599,9.5
1309616,13:36:10,9.5,9257,20000,43500,B,2095088,9.5,2206678,9.5
1309617,13:36:10,9.5,2000,2000,43500,B,2160347,9.5,2206678,9.5
1309618,13:36:10,9.5,1200,1200,43500,B,2171699,9.5,2206678,9.5
1310810,13:36:21,9.5,9000,9000,43500,S,2208462,9.5,2206678,9.5
1311151,13:36:24,9.51,600,600,2600,B,1864005,9.51,2208994,9.51
1311152,13:36:24,9.51,700,700,2600,B,1874103,9.51,2208994,9.51
1311153,13:36:24,9.51,1300,1800,2600,B,1890134,9.51,2208994,9.51
1312165,13:36:33,9.51,500,1800,500,B,1890134,9.51,2210402,9.51
1312745,13:36:39,9.5,10000,10000,43500,S,2211308,9.5,2206678,9.5
1314344,13:36:52,9.5,300,300,43500,S,2213433,9.5,2206678,9.5
1315897,13:37:05,9.5,11743,12100,43500,S,2215767,9.5,2206678,9.5
1319376,13:37:37,9.49,1700,2000,1700,B,2220433,9.49,2220985,9.49
1328750,13:39:02,9.49,300,2000,5000,B,2220433,9.49,2235547,9.49
1328751,13:39:02,9.49,3100,3100,5000,B,2223904,9.49,2235547,9.49
1328752,13:39:02,9.49,1600,3500,5000,B,2224149,9.49,2235547,9.49
1336694,13:40:06,9.49,500,3500,500,B,2224149,9.49,2247699,9.49
1344661,13:41:22,9.43,1000,2000,1000,S,2260413,9.43,2229043,9.43
1345187,13:41:28,9.43,1000,2000,1000,B,2260413,9.43,2261295,9.43
1349125,13:42:05,9.48,3500,3500,5000,B,2252490,9.48,2267186,9.48
1349126,13:42:05,9.48,1500,1800,5000,B,2256927,9.48,2267186,9.48
1358618,13:43:34,9.43,300,500,300,S,2281391,9.43,2263005,9.43
1358619,13:43:34,9.43,200,500,2000,S,2281391,9.43,2264367,9.43
1359043,13:43:39,9.48,300,1800,3000,B,2256927,9.48,2282134,9.48
1359044,13:43:39,9.48,1100,1100,3000,B,2258950,9.48,2282134,9.48
1359045,13:43:39,9.48,1600,3000,3000,B,2270049,9.48,2282134,9.48
1361382,13:43:58,9.43,700,700,2000,S,2285427,9.43,2264367,9.43
1365848,13:44:42,9.45,200,200,200,S,2292907,9.45,2292845,9.45
1368097,13:45:05,9.43,1100,10000,2000,S,2296581,9.43,2264367,9.43
1368098,13:45:05,9.43,2000,10000,2000,S,2296581,9.43,2266624,9.43
1368099,13:45:05,9.43,6900,10000,15000,S,2296581,9.43,2269632,9.43
1372435,13:45:51,9.44,200,200,200,S,2303974,9.44,2300585,9.44
1376080,13:46:32,9.43,5000,5000,15000,S,2310110,9.43,2269632,9.43
1376799,13:46:41,9.44,1000,1500,1000,B,2305902,9.44,2311337,9.44
1377546,13:46:49,9.44,500,1500,700,B,2305902,9.44,2312498,9.44
1379365,13:47:06,9.44,200,1500,700,S,2315022,9.44,2312498,9.44
1380987,13:47:24,9.44,1000,1500,1000,B,2315022,9.44,2317614,9.44
1382037,13:47:34,9.44,300,1500,800,B,2315022,9.44,2319160,9.44
1384535,13:48:04,9.44,200,200,800,S,2323377,9.44,2319160,9.44
1385975,13:48:18,9.45,200,200,500,B,2296046,9.45,2325361,9.45
1385976,13:48:18,9.45,300,3000,500,B,2303788,9.45,2325361,9.45
1386109,13:48:19,9.45,100,3000,100,B,2303788,9.45,2325522,9.45
1386728,13:48:26,9.44,300,3000,800,S,2326562,9.44,2319160,9.44
1387932,13:48:38,9.43,3100,4300,15000,S,2328341,9.43,2269632,9.43
1387933,13:48:38,9.43,1200,4300,3000,S,2328341,9.43,2277292,9.43
1390796,13:49:03,9.43,1800,10000,3000,S,2332052,9.43,2277292,9.43
1390797,13:49:03,9.43,8200,10000,8900,S,2332052,9.43,2288888,9.43
1391263,13:49:06,9.44,2700,3000,3000,B,2326562,9.44,2332568,9.44
1391264,13:49:06,9.44,300,2400,3000,B,2326586,9.44,2332568,9.44
1391362,13:49:07,9.44,2000,2400,2000,B,2326586,9.44,2332698,9.44
1392676,13:49:17,9.43,500,500,8900,S,2334230,9.43,2288888,9.43
1392771,13:49:18,9.44,100,2400,200,B,2326586,9.44,2334419,9.44
1397696,13:49:58,9.45,1800,3000,1800,B,2303788,9.45,2341043,9.45
1398002,13:50:01,9.44,100,500,200,S,2341589,9.44,2334419,9.44
1398003,13:50:01,9.44,400,500,2000,S,2341589,9.44,2338071,9.44
1401053,13:50:24,9.45,100,3000,100,B,2303788,9.45,2345549,9.45
1406523,13:51:09,9.44,1000,1000,2000,S,2353855,9.44,2338071,9.44
1413515,13:52:23,9.44,600,4900,2000,S,2366264,9.44,2338071,9.44
1413516,13:52:23,9.44,500,4900,500,S,2366264,9.44,2340581,9.44
1413517,13:52:23,9.44,3800,4900,5000,S,2366264,9.44,2342942,9.44
1413919,13:52:28,9.44,1200,1300,5000,S,2366938,9.44,2342942,9.44
1413920,13:52:28,9.44,100,1300,2200,S,2366938,9.44,2358957,9.44
1419250,13:53:22,9.44,1,1,2200,S,2374669,9.44,2358957,9.44
1420100,13:53:30,9.45,200,3000,200,B,2303788,9.45,2375797,9.45
1420427,13:53:32,9.44,2099,5000,2200,S,2376142,9.44,2358957,9.44
1420428,13:53:32,9.44,2901,5000,3000,S,2376142,9.44,2375436,9.44
1423779,13:54:03,9.44,99,300,3000,S,2380636,9.44,2375436,9.44
1425368,13:54:20,9.44,100,300,100,B,2380636,9.44,2383182,9.44
1437308,13:56:13,9.44,101,300,5000,B,2380636,9.44,2400863,9.44
1437309,13:56:13,9.44,3300,3300,5000,B,2380943,9.44,2400863,9.44
1437310,13:56:13,9.44,1599,3500,5000,B,2381577,9.44,2400863,9.44
1439705,13:56:35,9.43,200,4400,8900,S,2404386,9.43,2288888,9.43
1439706,13:56:35,9.43,500,4400,500,S,2404386,9.43,2307719,9.43
1439707,13:56:35,9.43,3700,4400,5000,S,2404386,9.43,2335452,9.43
1440073,13:56:39,9.44,1000,3500,1000,B,2381577,9.44,2404825,9.44
1440778,13:56:46,9.43,1300,5300,5000,S,2406067,9.43,2335452,9.43
1440779,13:56:46,9.43,4000,5300,9000,S,2406067,9.43,2336301,9.43
1441110,13:56:50,9.43,5000,10200,9000,S,2406538,9.43,2336301,9.43
1441111,13:56:50,9.43,3000,10200,3000,S,2406538,9.43,2336302,9.43
1441112,13:56:50,9.43,400,10200,400,S,2406538,9.43,2337633,9.43
1441113,13:56:50,9.43,1800,10200,1800,S,2406538,9.43,2342660,9.43
1441395,13:56:52,9.44,901,3500,6000,B,2381577,9.44,2407009,9.44
1441396,13:56:52,9.44,2300,2300,6000,B,2386610,9.44,2407009,9.44
1442345,13:57:00,9.44,400,400,6000,S,2408314,9.44,2407009,9.44
1450129,13:58:18,9.44,300,300,6000,S,2419773,9.44,2407009,9.44
1450498,13:58:22,9.44,2099,4900,6000,S,2420401,9.44,2407009,9.44
1460889,13:59:57,9.42,1000,1000,2500,S,2434527,9.42,2197323,9.42
1461201,14:00:00,9.44,2801,4900,39100,B,2420401,9.44,2435011,9.44
1461202,14:00:00,9.44,1100,1100,39100,B,2423416,9.44,2435011,9.44
1461203,14:00:00,9.44,400,400,39100,B,2426906,9.44,2435011,9.44
1461204,14:00:00,9.44,800,800,39100,B,2427611,9.44,2435011,9.44
1467777,14:00:58,9.44,5000,5000,39100,S,2444484,9.44,2435011,9.44
1468199,14:01:00,9.44,5000,5000,39100,S,2444930,9.44,2435011,9.44
1469079,14:01:08,9.45,500,3000,1000,B,2303788,9.45,2446276,9.45
1469080,14:01:08,9.45,500,2500,1000,B,2312793,9.45,2446276,9.45
1469193,14:01:08,9.44,6000,6000,39100,S,2446337,9.44,2435011,9.44
1469655,14:01:11,9.45,2000,2500,2000,B,2312793,9.45,2446777,9.45
1472830,14:01:34,9.44,17999,20000,39100,S,2450625,9.44,2435011,9.44
1472831,14:01:34,9.44,1000,20000,1000,S,2450625,9.44,2440406,9.44
1472832,14:01:34,9.44,800,20000,800,S,2450625,9.44,2440854,9.44
1472833,14:01:34,9.44,100,20000,100,S,2450625,9.44,2447161,9.44
1478571,14:02:16,9.44,101,20000,200,B,2450625,9.44,2457768,9.44
1480603,14:02:31,9.44,99,199,200,S,2460224,9.44,2457768,9.44
1487059,14:03:17,9.44,100,199,100,B,2460224,9.44,2468033,9.44
1488086,14:03:24,9.43,200,200,1000,S,2469205,9.43,2459271,9.43
1492665,14:03:55,9.43,800,1400,1000,S,2474689,9.43,2459271,9.43
1492666,14:03:55,9.43,600,1400,600,S,2474689,9.43,2473182,9.43
1496239,14:04:19,9.42,1500,6000,2500,S,2479058,9.42,2197323,9.42
1496240,14:04:19,9.42,2600,6000,2600,S,2479058,9.42,2198702,9.42
1496241,14:04:19,9.42,500,6000,500,S,2479058,9.42,2211751,9.42
1496242,14:04:19,9.42,1400,6000,3000,S,2479058,9.42,2216534,9.42
1496687,14:04:22,9.42,500,500,3000,S,2479649,9.42,2216534,9.42
1500099,14:04:46,9.42,700,700,3000,S,2484046,9.42,2216534,9.42
1501502,14:04:56,9.42,400,7000,3000,S,2485912,9.42,2216534,9.42
1501503,14:04:56,9.42,6600,7000,8000,S,2485912,9.42,2221356,9.42
1501741,14:04:57,9.42,500,500,8000,S,2486241,9.42,2221356,9.42
1502882,14:05:07,9.42,900,10000,8000,S,2488056,9.41,2221356,9.42
1502883,14:05:07,9.42,1000,10000,1000,S,2488056,9.41,2450611,9.42
1502884,14:05:07,9.41,8100,10000,10000,S,2488056,9.41,1844629,9.41
1504284,14:05:18,9.41,700,6100,10000,S,2490144,9.41,1844629,9.41
1504285,14:05:18,9.41,3400,6100,3400,S,2490144,9.41,1897861,9.41
1504286,14:05:18,9.41,2000,6100,2000,S,2490144,9.41,2467139,9.41
1505994,14:05:31,9.4,7800,7800,10000,S,2492696,9.4,1846334,9.4
1510123,14:06:03,9.4,2000,2000,10000,S,2498975,9.4,1846334,9.4
1510413,14:06:06,9.4,200,1000,10000,S,2499524,9.4,1846334,9.4
1510414,14:06:06,9.4,100,1000,100,S,2499524,9.4,1925000,9.4
1511002,14:06:10,9.4,700,1000,2000,B,2499524,9.4,2500365,9.4
1512879,14:06:27,9.4,500,500,2000,S,2503431,9.4,2500365,9.4
1512906,14:06:28,9.4,800,1000,2000,S,2503468,9.4,2500365,9.4
1512907,14:06:28,9.4,200,1000,1000,S,2503468,9.4,2501799,9.4
1513743,14:06:35,9.4,800,3000,1000,S,2504871,9.4,2501799,9.4
1516373,14:07:02,9.38,100,5600,100,S,2509613,9.38,1879330,9.38
1516374,14:07:02,9.38,500,5600,500,S,2509613,9.38,2114939,9.38
1516375,14:07:02,9.38,4900,5600,4900,S,2509613,9.38,2501036,9.38
1518360,14:07:20,9.38,100,5600,3000,B,2509613,9.38,2512796,9.38
1519321,14:07:30,9.4,200,3000,200,B,2504871,9.4,2514343,9.4
1525451,14:08:29,9.4,2000,3000,2400,B,2504871,9.4,2523760,9.4
1525452,14:08:29,9.4,400,500,2400,B,2518824,9.4,2523760,9.4
1526261,14:08:38,9.39,100,100,800,B,2525029,9.39,2525195,9.39
1538025,14:10:34,9.39,700,3000,800,S,2542968,9.39,2525195,9.39
1538026,14:10:34,9.39,1000,3000,1000,S,2542968,9.39,2529538,9.39
1538371,14:10:38,9.39,100,3000,100,B,2542968,9.39,2543543,9.39
1539696,14:10:50,9.38,2900,7000,3000,S,2545314,9.38,2512796,9.38
1539697,14:10:50,9.38,1000,7000,1000,S,2545314,9.38,2527918,9.38
1540727,14:10:58,9.38,3100,7000,10000,B,2545314,9.38,2546670,9.39
1540728,14:10:58,9.39,1200,3000,10000,B,2542968,9.39,2546670,9.39
1540729,14:10:58,9.39,1500,1500,10000,B,2544199,9.39,2546670,9.39
1544191,14:11:34,9.4,100,500,1200,B,2518824,9.4,2552083,9.4
1544192,14:11:34,9.4,600,600,1200,B,2521052,9.4,2552083,9.4
1544193,14:11:34,9.4,500,3700,1200,B,2526725,9.4,2552083,9.4
1545067,14:11:45,9.39,4200,10000,10000,S,2553671,9.36,2546670,9.39
1545068,14:11:45,9.37,1000,10000,1000,S,2553671,9.36,1854304,9.37
1545069,14:11:45,9.37,100,10000,100,S,2553671,9.36,1949862,9.37
1545070,14:11:45,9.37,100,10000,100,S,2553671,9.36,2068996,9.37
1545071,14:11:45,9.37,2000,10000,2000,S,2553671,9.36,2315959,9.37
1545072,14:11:45,9.36,700,10000,700,S,2553671,9.36,1840265,9.36
1545073,14:11:45,9.36,1900,10000,2000,S,2553671,9.36,1894652,9.36
1546508,14:12:00,9.38,1000,2000,1000,S,2556054,9.36,2554829,9.38
1546509,14:12:00,9.36,100,2000,2000,S,2556054,9.36,1894652,9.36
1546510,14:12:00,9.36,100,2000,100,S,2556054,9.36,1924450,9.36
1546511,14:12:00,9.36,800,2000,5000,S,2556054,9.36,2275286,9.36
1547693,14:12:13,9.36,500,500,5000,S,2557933,9.36,2275286,9.36
1548996,14:12:28,9.4,3200,3700,12000,B,2526725,9.4,2560220,9.4
1548997,14:12:28,9.4,3500,3500,12000,B,2556371,9.4,2560220,9.4
1549907,14:12:40,9.42,6000,6000,10000,B,2497216,9.42,2561899,9.42
1552503,14:13:10,9.42,500,500,10000,S,2566431,9.42,2561899,9.42
1553792,14:13:25,9.42,3000,3000,10000,S,2568426,9.42,2561899,9.42
1554319,14:13:31,9.42,500,3000,10000,S,2569346,9.42,2561899,9.42
1554600,14:13:34,9.41,200,200,200,B,2569650,9.41,2569697,9.41
1555543,14:13:47,9.4,500,500,12000,S,2571393,9.4,2560220,9.4
1558230,14:14:15,9.4,4800,5000,12000,S,2575374,9.4,2560220,9.4
1558231,14:14:15,9.4,200,5000,5000,S,2575374,9.4,2570677,9.4
1560363,14:14:37,9.4,1400,1400,5000,S,2578541,9.4,2570677,9.4
1560707,14:14:41,9.4,2000,2000,5000,S,2579101,9.4,2570677,9.4
1562334,14:15:00,9.4,1400,5000,5000,S,2581819,9.4,2570677,9.4
1567469,14:15:53,9.38,3300,10000,3300,S,2589249,9.38,2560214,9.38
1567470,14:15:53,9.38,100,10000,100,S,2589249,9.38,2577781,9.38
1567471,14:15:53,9.38,4200,10000,4200,S,2589249,9.38,2586904,9.38
1568480,14:16:04,9.38,1200,10000,1200,B,2589249,9.38,2590960,9.38
1568692,14:16:07,9.38,600,10000,600,B,2589249,9.38,2591270,9.38
1571055,14:16:32,9.37,700,10000,700,S,2594833,9.36,2565090,9.37
1571056,14:16:32,9.36,3700,10000,5000,S,2594833,9.36,2275286,9.36
1571057,14:16:32,9.36,2200,10000,2200,S,2594833,9.36,2554194,9.36
1571058,14:16:32,9.36,3400,10000,5000,S,2594833,9.36,2557568,9.36
1575492,14:17:18,9.38,600,10000,40000,B,2589249,9.38,2601616,9.39
1575493,14:17:18,9.39,36400,36400,40000,B,2586607,9.39,2601616,9.39
1576498,14:17:28,9.39,1000,1000,40000,S,2603172,9.39,2601616,9.39
1576688,14:17:30,9.39,2000,10000,40000,S,2603504,9.36,2601616,9.39
1576689,14:17:30,9.37,5000,10000,5000,S,2603504,9.36,2599035,9.37
1576690,14:17:30,9.36,1600,10000,5000,S,2603504,9.36,2557568,9.36
1576691,14:17:30,9.36,1400,10000,2000,S,2603504,9.36,2557889,9.36
1582500,14:18:20,9.37,1000,10000,1000,S,2611244,9.36,2604684,9.37
1582501,14:18:20,9.36,600,10000,2000,S,2611244,9.36,2557889,9.36
1582502,14:18:20,9.36,3000,10000,3000,S,2611244,9.36,2568554,9.36
1582503,14:18:20,9.36,1000,10000,1000,S,2611244,9.36,2598490,9.36
1582504,14:18:20,9.36,2100,10000,2100,S,2611244,9.36,2605448,9.36
1582505,14:18:20,9.36,2300,10000,4000,S,2611244,9.36,2607576,9.36
1585559,14:18:45,9.4,700,5000,700,B,2581819,9.4,2615156,9.4
1586514,14:18:54,9.36,1000,1000,4000,S,2616618,9.36,2607576,9.36
1591427,14:19:35,9.38,500,500,600,S,2623960,9.38,2622689,9.38
1591670,14:19:38,9.4,400,5000,400,B,2581819,9.4,2624376,9.4
1601260,14:21:15,9.4,2500,5000,5000,B,2581819,9.4,2640462,9.4
1601261,14:21:15,9.4,500,500,5000,B,2620867,9.4,2640462,9.4
1601262,14:21:15,9.4,2000,2100,5000,B,2627597,9.4,2640462,9.4
1606119,14:21:57,9.38,100,100,600,S,2647566,9.38,2622689,9.38
1618909,14:24:08,9.4,100,2100,100,B,2627597,9.4,2667893,9.4
1620507,14:24:27,9.4,200,200,5000,B,2647017,9.4,2670603,9.4
1620508,14:24:27,9.4,4500,4500,5000,B,2649473,9.4,2670603,9.4
1620509,14:24:27,9.4,300,1200,5000,B,2653751,9.4,2670603,9.4
1621218,14:24:35,9.4,900,1200,2000,B,2653751,9.4,2671739,9.4
1621914,14:24:39,9.4,1100,4000,2000,S,2672346,9.39,2671739,9.4
1621915,14:24:39,9.39,1100,4000,1100,S,2672346,9.39,2648274,9.39
1621916,14:24:39,9.39,1800,4000,2900,S,2672346,9.39,2662821,9.39
1622545,14:24:47,9.4,1900,1900,3000,B,2672678,9.4,2673454,9.4
1623445,14:24:57,9.4,500,500,3000,S,2674732,9.4,2673454,9.4
1625135,14:25:14,9.4,600,4000,3000,S,2677284,9.4,2673454,9.4
1628070,14:25:49,9.4,1200,4000,1200,B,2677284,9.4,2682120,9.4
1638366,14:27:42,9.4,2200,4000,2900,B,2677284,9.4,2697702,9.4
1638367,14:27:42,9.4,300,300,2900,B,2678358,9.4,2697702,9.4
1638368,14:27:42,9.4,300,300,2900,B,2693757,9.4,2697702,9.4
1638369,14:27:42,9.4,100,100,2900,B,2694387,9.4,2697702,9.4
1639584,14:27:55,9.39,100,100,2900,S,2699540,9.39,2662821,9.39
1645028,14:28:46,9.39,1000,2000,2900,S,2706960,9.39,2662821,9.39
1645029,14:28:46,9.39,1000,2000,3000,S,2706960,9.39,2676069,9.39
1646158,14:28:56,9.39,2000,3200,3000,S,2708376,9.39,2676069,9.39
1649536,14:29:22,9.39,1200,3200,3000,B,2708376,9.39,2712499,9.39
1649728,14:29:25,9.39,1701,1701,3000,S,2712834,9.39,2712499,9.39
1651258,14:29:39,9.39,99,1600,3000,S,2714967,9.38,2712499,9.39
1651259,14:29:39,9.38,1501,1600,2200,S,2714967,9.38,2637134,9.38
1653768,14:30:00,9.38,699,3000,2200,S,2718200,9.38,2637134,9.38
1653769,14:30:00,9.38,100,3000,100,S,2718200,9.38,2663837,9.38
1653770,14:30:00,9.38,100,3000,100,S,2718200,9.38,2670698,9.38
1655116,14:30:10,9.38,1000,3000,1000,B,2718200,9.38,2719805,9.38
1655501,14:30:12,9.37,500,10500,500,S,2720222,9.37,2620131,9.37
1655502,14:30:12,9.37,10000,10500,10000,S,2720222,9.37,2650340,9.37
1657178,14:30:25,9.36,700,17100,4000,S,2722225,9.36,2607576,9.36
1657179,14:30:25,9.36,1000,17100,1000,S,2722225,9.36,2609882,9.36
1657180,14:30:25,9.36,4000,17100,4000,S,2722225,9.36,2613816,9.36
1657181,14:30:25,9.36,5000,17100,5000,S,2722225,9.36,2614203,9.36
1657182,14:30:25,9.36,6400,17100,19000,S,2722225,9.36,2615761,9.36
1658167,14:30:34,9.36,11400,11400,19000,S,2723686,9.36,2615761,9.36
1659554,14:30:47,9.36,1200,6500,19000,S,2725640,9.36,2615761,9.36
1659555,14:30:47,9.36,400,6500,400,S,2725640,9.36,2622487,9.36
1659556,14:30:47,9.36,500,6500,500,S,2725640,9.36,2713176,9.36
1659557,14:30:47,9.36,4400,6500,9100,S,2725640,9.36,2714749,9.36
1661709,14:31:01,9.36,4700,20500,9100,S,2727908,9.35,2714749,9.36
1661710,14:31:01,9.35,500,20500,500,S,2727908,9.35,1890497,9.35
1661711,14:31:01,9.35,2000,20500,2000,S,2727908,9.35,2312452,9.35
1661712,14:31:01,9.35,500,20500,500,S,2727908,9.35,2523856,9.35
1661713,14:31:01,9.35,400,20500,400,S,2727908,9.35,2549116,9.35
1661714,14:31:01,9.35,2000,20500,2000,S,2727908,9.35,2557055,9.35
1661715,14:31:01,9.35,2200,20500,2200,S,2727908,9.35,2609203,9.35
1661716,14:31:01,9.35,500,20500,500,S,2727908,9.35,2614882,9.35
1661717,14:31:01,9.35,1000,20500,1000,S,2727908,9.35,2616493,9.35
1661718,14:31:01,9.35,2600,20500,2600,S,2727908,9.35,2725921,9.35
1661719,14:31:01,9.35,2600,20500,2600,S,2727908,9.35,2726502,9.35
1661780,14:31:02,9.35,1500,20500,1500,B,2727908,9.35,2727967,9.35
1664020,14:31:16,9.34,1600,2500,2000,S,2730309,9.34,1674677,9.34
1664021,14:31:16,9.34,900,2500,1000,S,2730309,9.34,1743703,9.34
1664545,14:31:21,9.34,100,1000,1000,S,2731063,9.34,1743703,9.34
1664546,14:31:21,9.34,500,1000,500,S,2731063,9.34,1772066,9.34
1664547,14:31:21,9.34,100,1000,100,S,2731063,9.34,1931302,9.34
1664548,14:31:21,9.34,300,1000,3200,S,2731063,9.34,2724975,9.34
1665547,14:31:28,9.34,1300,1300,3200,S,2732136,9.34,2724975,9.34
1665807,14:31:30,9.34,400,400,3200,S,2732520,9.34,2724975,9.34
1670088,14:32:05,9.34,100,100,3200,S,2738073,9.34,2724975,9.34
1670260,14:32:06,9.34,300,300,3200,S,2738280,9.34,2724975,9.34
1670469,14:32:08,9.35,800,800,1300,B,2735978,9.35,2738649,9.35
1670822,14:32:11,9.35,500,1000,1300,S,2739081,9.34,2738649,9.35
1670823,14:32:11,9.34,500,1000,3200,S,2739081,9.34,2724975,9.34
1671424,14:32:17,9.34,300,300,3200,S,2740000,9.34,2724975,9.34
1672876,14:32:26,9.35,1000,1000,2000,B,2741307,9.35,2741624,9.35
1675917,14:32:50,9.35,1000,3800,2000,S,2745747,9.35,2741624,9.35
1675918,14:32:50,9.35,2800,3800,9300,S,2745747,9.35,2744756,9.35
1676822,14:32:58,9.35,4800,4800,9300,S,2747079,9.35,2744756,9.35
1681619,14:33:36,9.35,1700,3000,9300,S,2753941,9.35,2744756,9.35
1681620,14:33:36,9.35,1300,3000,1600,S,2753941,9.35,2747792,9.35
1683073,14:33:49,9.35,300,5800,1600,S,2756133,9.35,2747792,9.35
1683074,14:33:49,9.35,1500,5800,1500,S,2756133,9.35,2755678,9.35
1683234,14:33:51,9.35,1600,5800,1600,B,2756133,9.35,2756478,9.35
1683250,14:33:51,9.35,1000,5800,1000,B,2756133,9.35,2756491,9.35
1683559,14:33:54,9.35,1400,5800,1400,B,2756133,9.35,2757026,9.35
1685215,14:34:06,9.35,1000,1000,1000,S,2759221,9.35,2757040,9.35
1693488,14:35:02,9.36,27000,27000,34000,B,2728990,9.36,2769241,9.36
1693489,14:35:02,9.36,4500,4500,34000,B,2739223,9.36,2769241,9.36
1693490,14:35:02,9.36,1000,1000,34000,B,2764884,9.36,2769241,9.36
1697446,14:35:32,9.36,1500,11000,34000,S,2774841,9.36,2769241,9.36
1697653,14:35:33,9.36,1000,11000,1000,B,2774841,9.36,2775127,9.36
1697662,14:35:33,9.36,1000,11000,1000,B,2774841,9.36,2775158,9.36
1699101,14:35:44,9.36,4100,11000,4100,B,2774841,9.36,2777175,9.36
1699249,14:35:45,9.36,1700,11000,1700,B,2774841,9.36,2777373,9.36
1699263,14:35:45,9.36,1000,11000,1000,B,2774841,9.36,2777394,9.36
1699267,14:35:45,9.36,100,11000,100,B,2774841,9.36,2777405,9.36
1699270,14:35:45,9.36,100,11000,100,B,2774841,9.36,2777411,9.36
1699294,14:35:46,9.36,100,11000,100,B,2774841,9.36,2777458,9.36
1699295,14:35:46,9.36,100,11000,100,B,2774841,9.36,2777464,9.36
1699302,14:35:46,9.36,100,11000,100,B,2774841,9.36,2777480,9.36
1699351,14:35:46,9.36,100,11000,100,B,2774841,9.36,2777531,9.36
1699384,14:35:46,9.36,100,11000,100,B,2774841,9.36,2777545,9.36
1703431,14:36:14,9.37,300,300,2000,S,2783083,9.37,2778244,9.37
1703688,14:36:16,9.38,1000,3000,1000,B,2718200,9.38,2783420,9.38
1717417,14:37:43,9.37,1700,5000,2000,S,2800714,9.37,2778244,9.37
1723007,14:38:24,9.36,2000,2000,2400,S,2808572,9.36,2782252,9.36
1724448,14:38:35,9.36,400,500,2400,S,2810701,9.36,2782252,9.36
1724449,14:38:35,9.36,100,500,1000,S,2810701,9.36,2783428,9.36
1726305,14:38:48,9.36,900,3000,1000,S,2813329,9.36,2783428,9.36
1726306,14:38:48,9.36,600,3000,600,S,2813329,9.36,2794477,9.36
1726307,14:38:48,9.36,1000,3000,1000,S,2813329,9.36,2798225,9.36
1726308,14:38:48,9.36,500,3000,10000,S,2813329,9.36,2805338,9.36
1729378,14:39:07,9.36,1700,1700,10000,S,2817110,9.36,2805338,9.36
1729441,14:39:08,9.36,1000,1000,10000,S,2817209,9.36,2805338,9.36
1729701,14:39:09,9.37,1100,5000,1100,B,2800714,9.37,2817505,9.37
1729708,14:39:09,9.37,1000,5000,1000,B,2800714,9.37,2817525,9.37
1730063,14:39:12,9.37,1100,5000,1100,B,2800714,9.37,2818084,9.37
1730077,14:39:12,9.37,100,5000,1000,B,2800714,9.37,2818105,9.37
1730082,14:39:12,9.37,900,1500,1000,S,2818124,9.36,2818105,9.37
1730083,14:39:12,9.36,600,1500,10000,S,2818124,9.36,2805338,9.36
1738025,14:40:07,9.38,101,3000,500,B,2718200,9.38,2829474,9.38
1738026,14:40:07,9.38,399,1600,500,B,2798746,9.38,2829474,9.38
1739727,14:40:18,9.36,6200,9400,10000,S,2831766,9.36,2805338,9.36
1739728,14:40:18,9.36,3200,9400,3200,S,2831766,9.36,2830017,9.36
1742000,14:40:34,9.38,1201,1600,12000,B,2798746,9.38,2835086,9.4
1742001,14:40:34,9.38,2200,2200,12000,B,2798829,9.38,2835086,9.4
1742002,14:40:34,9.38,1600,1600,12000,B,2823238,9.38,2835086,9.4
1742003,14:40:34,9.38,1300,1300,12000,B,2831093,9.38,2835086,9.4
1742004,14:40:34,9.4,200,200,12000,B,2700247,9.4,2835086,9.4
1742005,14:40:34,9.4,3900,3900,12000,B,2719123,9.4,2835086,9.4
1742006,14:40:34,9.4,1599,3700,12000,B,2737565,9.4,2835086,9.4
1748596,14:41:20,9.4,2101,3700,20000,B,2737565,9.4,2844628,9.42
1748597,14:41:20,9.4,1000,1000,20000,B,2843090,9.4,2844628,9.42
1748598,14:41:20,9.41,1500,1500,20000,B,2618237,9.41,2844628,9.42
1748599,14:41:20,9.41,2400,2400,20000,B,2802652,9.41,2844628,9.42
1748600,14:41:20,9.42,2500,3000,20000,B,2569346,9.42,2844628,9.42
1748601,14:41:20,9.42,3000,3000,20000,B,2572773,9.42,2844628,9.42
1748602,14:41:20,9.42,500,500,20000,B,2843259,9.42,2844628,9.42
1752711,14:41:46,9.42,3200,3200,20000,S,2849985,9.42,2844628,9.42
1754664,14:42:01,9.42,3799,5900,20000,S,2852931,9.42,2844628,9.42
1758262,14:42:28,9.42,2101,5900,3000,B,2852931,9.42,2858192,9.42
1758357,14:42:28,9.42,899,1900,3000,S,2858318,9.42,2858192,9.42
1758676,14:42:31,9.39,900,7900,900,S,2858883,9.39,2852382,9.39
1765964,14:43:28,9.39,3000,7900,3000,B,2858883,9.39,2870244,9.39
1769504,14:43:58,9.39,200,7900,200,B,2858883,9.39,2875876,9.39
1770147,14:44:03,9.38,10500,10500,23000,S,2876947,9.38,2872027,9.38
1770796,14:44:07,9.39,2800,7900,2800,B,2858883,9.39,2877662,9.39
1772939,14:44:23,9.38,200,200,23000,S,2880737,9.38,2872027,9.38
1773519,14:44:28,9.38,2700,2700,23000,S,2881808,9.38,2872027,9.38
1774871,14:44:38,9.38,3200,3200,23000,S,2883752,9.38,2872027,9.38
1777034,14:44:54,9.38,1600,1600,23000,S,2886853,9.38,2872027,9.38
1777569,14:44:58,9.38,4800,5800,23000,S,2887572,9.38,2872027,9.38
1781263,14:45:23,9.38,1000,5800,1700,B,2887572,9.38,2892534,9.38
1783432,14:45:38,9.38,700,700,1700,S,2895547,9.38,2892534,9.38
1790309,14:46:29,9.39,200,7900,200,B,2858883,9.39,2905867,9.39
1792500,14:46:44,9.39,100,7900,100,B,2858883,9.39,2909097,9.39
1793243,14:46:49,9.39,700,7900,4000,B,2858883,9.39,2909983,9.39
1793244,14:46:49,9.39,2300,2300,4000,B,2870937,9.39,2909983,9.39
1793245,14:46:49,9.39,100,100,4000,B,2900989,9.39,2909983,9.39
1794398,14:46:57,9.4,800,800,20000,B,2867539,9.4,2911703,9.42
1794399,14:46:57,9.4,2600,2600,20000,B,2883202,9.4,2911703,9.42
1794400,14:46:57,9.4,4000,4000,20000,B,2885755,9.4,2911703,9.42
1794401,14:46:57,9.4,500,500,20000,B,2888826,9.4,2911703,9.42
1794402,14:46:57,9.4,3000,3000,20000,B,2907268,9.4,2911703,9.42
1794403,14:46:57,9.42,1001,1900,20000,B,2858318,9.42,2911703,9.42
1794404,14:46:57,9.42,1800,1800,20000,B,2859639,9.42,2911703,9.42
1794405,14:46:57,9.42,800,800,20000,B,2859774,9.42,2911703,9.42
1794406,14:46:57,9.42,4000,4000,20000,B,2863826,9.42,2911703,9.42
1794407,14:46:57,9.42,1499,2400,20000,B,2864807,9.42,2911703,9.42
1795089,14:47:01,9.39,900,3000,4000,S,2912602,9.39,2909983,9.39
1795865,14:47:06,9.39,2100,3000,8200,B,2912602,9.39,2913729,9.39
1795866,14:47:06,9.39,1000,1000,8200,B,2913387,9.39,2913729,9.39
1799311,14:47:32,9.39,4000,4000,8200,S,2918951,9.39,2913729,9.39
1799508,14:47:34,9.39,100,100,8200,S,2919258,9.39,2913729,9.39
1799727,14:47:35,9.39,1000,1000,8200,S,2919580,9.39,2913729,9.39
1804585,14:48:11,9.41,300,300,3500,B,2918261,9.41,2926718,9.41
1804586,14:48:11,9.41,3000,3000,3500,B,2923438,9.41,2926718,9.41
1804587,14:48:11,9.41,200,200,3500,B,2923579,9.41,2926718,9.41
1804595,14:48:11,9.42,901,2400,47301,B,2864807,9.42,2926729,9.42
1804596,14:48:11,9.42,2000,2000,47301,B,2869256,9.42,2926729,9.42
1804597,14:48:11,9.42,37000,37000,47301,B,2871293,9.42,2926729,9.42
1804598,14:48:11,9.42,500,500,47301,B,2871783,9.42,2926729,9.42
1804599,14:48:11,9.42,300,300,47301,B,2895046,9.42,2926729,9.42
1804600,14:48:11,9.42,5000,5000,47301,B,2915128,9.42,2926729,9.42
1804601,14:48:11,9.42,600,600,47301,B,2926622,9.42,2926729,9.42
1805950,14:48:22,9.42,1000,1000,47301,S,2928841,9.42,2926729,9.42
1806175,14:48:24,9.43,500,500,21500,B,2476895,9.43,2929206,9.43
1806176,14:48:24,9.43,5000,5000,21500,B,2477029,9.43,2929206,9.43
1806177,14:48:24,9.43,3500,3500,21500,B,2497313,9.43,2929206,9.43
1806178,14:48:24,9.43,1000,1000,21500,B,2572193,9.43,2929206,9.43
1806179,14:48:24,9.43,2300,2300,21500,B,2895852,9.43,2929206,9.43
1806399,14:48:26,9.43,900,900,21500,S,2929586,9.43,2929206,9.43
1809498,14:48:47,9.43,6500,6500,21500,S,2933855,9.43,2929206,9.43
1809641,14:48:47,9.43,1800,1800,21500,S,2933985,9.43,2929206,9.43
1809824,14:48:49,9.44,8000,8000,18600,B,2462640,9.44,2934235,9.44
1809825,14:48:49,9.44,500,500,18600,B,2464397,9.44,2934235,9.44
1809826,14:48:49,9.44,1000,1000,18600,B,2467947,9.44,2934235,9.44
1809827,14:48:49,9.44,300,300,18600,B,2469267,9.44,2934235,9.44
1809828,14:48:49,9.44,2700,2700,18600,B,2932794,9.44,2934235,9.44
1810406,14:48:53,9.44,500,500,18600,S,2934969,9.44,2934235,9.44
1810758,14:48:56,9.44,1600,1600,18600,S,2935553,9.44,2934235,9.44
1811113,14:48:58,9.44,1000,1000,18600,S,2936038,9.44,2934235,9.44
1811257,14:48:59,9.44,2500,2500,18600,S,2936185,9.44,2934235,9.44
1811692,14:49:02,9.44,500,500,18600,S,2936833,9.44,2934235,9.44
1812391,14:49:07,9.45,100,100,27400,B,2427469,9.45,2937837,9.45
1812392,14:49:07,9.45,5000,5000,27400,B,2457694,9.45,2937837,9.45
1812393,14:49:07,9.45,200,200,27400,B,2461295,9.45,2937837,9.45
1812394,14:49:07,9.45,2500,2500,27400,B,2569212,9.45,2937837,9.45
1812395,14:49:07,9.45,200,200,27400,B,2633622,9.45,2937837,9.45
1812396,14:49:07,9.45,1500,1500,27400,B,2844263,9.45,2937837,9.45
1812397,14:49:07,9.45,7000,7000,27400,B,2851803,9.45,2937837,9.45
1814771,14:49:21,9.45,10000,10000,27400,S,2940730,9.45,2937837,9.45
1815103,14:49:23,9.45,900,900,27400,S,2941100,9.45,2937837,9.45
1815881,14:49:28,9.47,10693,10693,17293,B,2284480,9.47,2942115,9.47
1815882,14:49:28,9.47,3500,3500,17293,B,2297614,9.47,2942115,9.47
1818683,14:49:45,9.48,1400,3000,21000,B,2270049,9.48,2945696,9.48
1818684,14:49:45,9.48,5000,5000,21000,B,2271674,9.48,2945696,9.48
1818685,14:49:45,9.48,8800,8800,21000,B,2274079,9.48,2945696,9.48
1818686,14:49:45,9.48,2500,2500,21000,B,2279512,9.48,2945696,9.48
1818687,14:49:45,9.48,2600,2600,21000,B,2940246,9.48,2945696,9.48
1819769,14:49:51,9.48,700,1700,21000,S,2947016,9.48,2945696,9.48
1819770,14:49:51,9.48,1000,1700,10000,S,2947016,9.48,2946454,9.48
1821810,14:50:05,9.48,1000,1000,10000,S,2949911,9.48,2946454,9.48
1821961,14:50:07,9.48,8000,10000,10000,S,2950164,9.48,2946454,9.48
1821962,14:50:07,9.48,100,10000,100,S,2950164,9.48,2947474,9.48
1821963,14:50:07,9.48,500,10000,500,S,2950164,9.48,2947495,9.48
1821964,14:50:07,9.48,400,10000,400,S,2950164,9.48,2948504,9.48
1821965,14:50:07,9.48,1000,10000,30000,S,2950164,9.48,2949202,9.48
1822158,14:50:08,9.49,1400,3500,14500,B,2224149,9.49,2950376,9.49
1822159,14:50:08,9.49,1000,1000,14500,B,2226033,9.49,2950376,9.49
1822160,14:50:08,9.49,500,500,14500,B,2238340,9.49,2950376,9.49
1822161,14:50:08,9.49,500,500,14500,B,2250699,9.49,2950376,9.49
1822162,14:50:08,9.49,1000,1000,14500,B,2253961,9.49,2950376,9.49
1822163,14:50:08,9.49,700,700,14500,B,2254768,9.49,2950376,9.49
1822164,14:50:08,9.49,100,100,14500,B,2256471,9.49,2950376,9.49
1822165,14:50:08,9.49,700,700,14500,B,2293963,9.49,2950376,9.49
1822166,14:50:08,9.49,5000,5000,14500,B,2498982,9.49,2950376,9.49
1822167,14:50:08,9.49,1000,1000,14500,B,2909306,9.49,2950376,9.49
1822168,14:50:08,9.49,1000,1000,14500,B,2940768,9.49,2950376,9.49
1822169,14:50:08,9.49,500,500,14500,B,2941543,9.49,2950376,9.49
1822170,14:50:08,9.49,1100,2300,14500,B,2949591,9.49,2950376,9.49
1822352,14:50:09,9.48,100,100,30000,S,2950607,9.48,2949202,9.48
1822362,14:50:09,9.48,13500,13500,30000,S,2950625,9.48,2949202,9.48
1823134,14:50:14,9.48,15400,20000,30000,S,2951706,9.48,2949202,9.48
1823135,14:50:14,9.48,600,20000,600,S,2951706,9.48,2949321,9.48
1824740,14:50:25,9.48,100,20000,100,B,2951706,9.48,2954146,9.48
1825017,14:50:26,9.48,1000,20000,1000,B,2951706,9.48,2954483,9.48
1825541,14:50:30,9.48,200,20000,200,B,2951706,9.48,2955250,9.48
1825985,14:50:33,9.48,2700,20000,50000,B,2951706,9.48,2955893,9.48
1825986,14:50:33,9.48,2000,2000,50000,B,2952573,9.48,2955893,9.48
1825987,14:50:33,9.48,3400,3400,50000,B,2954783,9.48,2955893,9.48
1825988,14:50:33,9.48,37900,37900,50000,B,2954847,9.48,2955893,9.48
1825989,14:50:33,9.48,2100,2100,50000,B,2955350,9.48,2955893,9.48
1826013,14:50:33,9.48,1900,5000,50000,S,2955938,9.47,2955893,9.48
1826014,14:50:33,9.47,3100,5000,17293,S,2955938,9.47,2942115,9.47
1826203,14:50:34,9.49,1200,2300,36000,B,2949591,9.49,2956264,9.49
1826204,14:50:34,9.49,5000,5000,36000,B,2953107,9.49,2956264,9.49
1826205,14:50:34,9.49,2300,2300,36000,B,2954319,9.49,2956264,9.49
1826470,14:50:36,9.49,8000,8000,36000,S,2956630,9.49,2956264,9.49
1826972,14:50:39,9.49,19500,30000,36000,S,2957358,9.48,2956264,9.49
1826973,14:50:39,9.48,10500,30000,10500,S,2957358,9.48,2956494,9.48
1827463,14:50:43,9.5,357,12100,36000,B,2215767,9.5,2958115,9.5
1827464,14:50:43,9.5,400,400,36000,B,2216528,9.5,2958115,9.5
1827465,14:50:43,9.5,400,400,36000,B,2219411,9.5,2958115,9.5
1827466,14:50:43,9.5,300,300,36000,B,2232528,9.5,2958115,9.5
1827467,14:50:43,9.5,10000,10000,36000,B,2238096,9.5,2958115,9.5
1827468,14:50:43,9.5,2400,2400,36000,B,2251928,9.5,2958115,9.5
1827469,14:50:43,9.5,100,100,36000,B,2253953,9.5,2958115,9.5
1827470,14:50:43,9.5,500,500,36000,B,2257651,9.5,2958115,9.5
1827471,14:50:43,9.5,100,100,36000,B,2288428,9.5,2958115,9.5
1827472,14:50:43,9.5,1500,1500,36000,B,2455774,9.5,2958115,9.5
1827473,14:50:43,9.5,1000,1000,36000,B,2467778,9.5,2958115,9.5
1827474,14:50:43,9.5,13200,13200,36000,B,2605814,9.5,2958115,9.5
1827475,14:50:43,9.5,2000,2000,36000,B,2815503,9.5,2958115,9.5
1827476,14:50:43,9.5,500,500,36000,B,2954905,9.5,2958115,9.5
1828361,14:50:49,9.5,3243,4000,36000,S,2959561,9.5,2958115,9.5
1828362,14:50:49,9.5,757,4000,5500,S,2959561,9.5,2958709,9.5
1829162,14:50:55,9.5,2000,2000,5500,S,2960692,9.5,2958709,9.5
1829391,14:50:56,9.5,400,400,5500,S,2960936,9.5,2958709,9.5
1829476,14:50:57,9.51,5000,5000,43200,B,2115255,9.51,2961059,9.51
1829477,14:50:57,9.51,5000,5000,43200,B,2944278,9.51,2961059,9.51
1830997,14:51:06,9.51,10000,10000,43200,S,2963199,9.51,2961059,9.51
1831046,14:51:07,9.51,2000,2000,43200,S,2963278,9.51,2961059,9.51
1831096,14:51:07,9.51,20000,20000,43200,S,2963385,9.51,2961059,9.51
1831231,14:51:08,9.52,10000,10000,53000,B,1862330,9.52,2963552,9.52
1831232,14:51:08,9.52,2100,2100,53000,B,1863019,9.52,2963552,9.52
1831233,14:51:08,9.52,1000,1000,53000,B,1937033,9.52,2963552,9.52
1831234,14:51:08,9.52,2900,2900,53000,B,2243436,9.52,2963552,9.52
1831235,14:51:08,9.52,37000,39900,53000,B,2553547,9.52,2963552,9.52
1832694,14:51:18,9.52,800,39900,800,B,2553547,9.52,2965632,9.52
1833052,14:51:21,9.52,2100,39900,17500,B,2553547,9.52,2966360,9.52
1833053,14:51:21,9.52,2300,2300,17500,B,2955252,9.52,2966360,9.52
1833054,14:51:21,9.52,5000,5000,17500,B,2964172,9.52,2966360,9.52
1833744,14:51:25,9.52,8100,30000,17500,S,2967361,9.52,2966360,9.52
1833745,14:51:25,9.52,21900,30000,34200,S,2967361,9.52,2966902,9.52
1833855,14:51:26,9.52,2000,2000,34200,S,2967584,9.52,2966902,9.52
1833968,14:51:27,9.52,10300,20000,34200,S,2967834,9.52,2966902,9.52
1834349,14:51:30,9.51,800,800,43200,S,2968364,9.51,2961059,9.51
1835949,14:51:41,9.51,200,200,43200,S,2970685,9.51,2961059,9.51
1836361,14:51:43,9.51,200,13500,43200,S,2971191,9.51,2961059,9.51
1836487,14:51:44,9.51,6400,13500,6400,B,2971191,9.51,2971379,9.51
1836621,14:51:45,9.51,1400,13500,1400,B,2971191,9.51,2971520,9.51
1837109,14:51:48,9.51,5500,13500,7000,B,2971191,9.51,2972205,9.51
1837110,14:51:48,9.51,800,800,7000,B,2971319,9.51,2972205,9.51
1837111,14:51:48,9.51,700,2000,7000,B,2971408,9.51,2972205,9.51
1837960,14:51:54,9.51,1300,2000,34200,B,2971408,9.51,2973440,9.51
1837961,14:51:54,9.51,1100,1100,34200,B,2971478,9.51,2973440,9.51
1837962,14:51:54,9.51,200,200,34200,B,2972067,9.51,2973440,9.51
1837963,14:51:54,9.51,10000,10000,34200,B,2972711,9.51,2973440,9.51
1838312,14:51:55,9.51,1000,1000,34200,S,2973826,9.51,2973440,9.51
1839074,14:52:00,9.51,10000,10000,34200,S,2974952,9.51,2973440,9.51
