TranID,Time,Price,Volume,SaleOrderVolume,BuyOrderVolume,Type,SaleOrderID,SaleOrderPrice,BuyOrderID,BuyOrderPrice
6268,09:25:02,31.49,200,200,700,B,70618,31.49,135587,31.49
6269,09:25:02,31.49,500,1100,700,B,147173,31.49,135587,31.49
6270,09:25:02,31.49,600,1100,700,B,147173,31.49,132610,31.49
6271,09:25:02,31.49,100,500,700,B,147684,31.49,132610,31.49
6272,09:25:02,31.49,400,500,1200,B,147684,31.49,131166,31.49
6273,09:25:02,31.49,800,1800,1200,B,150738,31.49,131166,31.49
6274,09:25:02,31.49,1000,1800,8000,B,150738,31.49,25722,31.49
6275,09:25:02,31.49,500,500,8000,B,149829,31.49,25722,31.49
6276,09:25:02,31.49,1000,1000,8000,B,153158,31.49,25722,31.49
6277,09:25:02,31.49,500,500,8000,B,151131,31.49,25722,31.49
6278,09:25:02,31.49,100,100,8000,B,151903,31.49,25722,31.49
6279,09:25:02,31.49,500,500,8000,B,154223,31.49,25722,31.49
6280,09:25:02,31.49,700,700,8000,B,141875,31.49,25722,31.49
6281,09:25:02,31.49,500,500,8000,B,147153,31.49,25722,31.49
6282,09:25:02,31.49,100,100,8000,B,3113,31.49,25722,31.49
6283,09:25:02,31.49,600,600,8000,B,154564,31.49,25722,31.49
6284,09:25:02,31.49,200,200,8000,B,152317,31.49,25722,31.49
6285,09:25:02,31.49,1300,1300,8000,B,155212,31.49,25722,31.49
6286,09:25:02,31.49,1000,1100,8000,B,133127,31.49,25722,31.49
6287,09:25:02,31.49,100,1100,100,B,133127,31.49,140432,31.49
6288,09:25:02,31.49,1400,1400,1500,B,145996,31.49,41225,31.49
6289,09:25:02,31.49,100,300,1500,B,117051,31.49,41225,31.49
8954,09:30:00,31.35,300,1000,300,S,158410,31.35,1220,31.35
8955,09:30:00,31.35,700,1000,800,S,158410,31.35,92974,31.35
9885,09:30:01,31.35,100,100,800,S,162564,31.35,92974,31.35
12475,09:30:02,31.33,100,100,200,B,166234,31.33,174146,31.36
12558,09:30:02,31.45,200,200,5000,B,158284,31.45,174590,31.49
12559,09:30:02,31.45,100,100,5000,B,170320,31.45,174590,31.49
12560,09:30:02,31.48,200,200,5000,B,164605,31.48,174590,31.49
12561,09:30:02,31.49,200,300,5000,B,117051,31.49,174590,31.49
12562,09:30:02,31.49,300,300,5000,B,117560,31.49,174590,31.49
12563,09:30:02,31.49,300,300,5000,B,118218,31.49,174590,31.49
12564,09:30:02,31.49,200,200,5000,B,148904,31.49,174590,31.49
12565,09:30:02,31.49,300,300,5000,B,150262,31.49,174590,31.49
12566,09:30:02,31.49,600,600,5000,B,150318,31.49,174590,31.49
12567,09:30:02,31.49,900,900,5000,B,152069,31.49,174590,31.49
12568,09:30:02,31.49,1300,1300,5000,B,154097,31.49,174590,31.49
12569,09:30:02,31.49,400,400,5000,B,155903,31.49,174590,31.49
12907,09:30:02,31.36,100,100,200,S,175581,31.36,174146,31.36
15644,09:30:03,31.34,100,100,1300,B,177036,31.34,188999,31.45
15645,09:30:03,31.35,500,500,1300,B,185109,31.35,188999,31.45
15646,09:30:03,31.45,700,1500,1300,B,179457,31.45,188999,31.45
15752,09:30:03,31.45,300,1500,300,B,179457,31.45,189477,31.45
16282,09:30:03,31.45,500,1500,1300,B,179457,31.45,192530,31.48
16283,09:30:03,31.48,800,800,1300,B,176739,31.48,192530,31.48
16699,09:30:03,31.19,100,100,2200,S,194734,31.19,161173,31.19
18245,09:30:05,31.19,300,300,2200,S,202275,31.19,161173,31.19
20298,09:30:10,31.3,1000,1000,3400,B,195901,31.3,211104,31.3
20299,09:30:10,31.3,1600,1600,3400,B,202088,31.3,211104,31.3
20300,09:30:10,31.3,800,1500,3400,B,204599,31.3,211104,31.3
20445,09:30:10,31.3,700,1500,1000,B,204599,31.3,211677,31.33
21240,09:30:14,31.35,300,300,300,B,202239,31.35,214645,31.35
23313,09:30:26,31.35,200,200,500,B,205368,31.35,220202,31.35
23314,09:30:26,31.35,200,200,500,B,215143,31.35,220202,31.35
23315,09:30:26,31.35,100,100,500,B,218975,31.35,220202,31.35
23711,09:30:28,31.34,900,1500,900,S,220860,31.33,219250,31.34
23712,09:30:28,31.33,300,1500,1000,S,220860,31.33,211677,31.33
23713,09:30:28,31.33,300,1500,1500,S,220860,31.33,220793,31.33
24161,09:30:30,31.33,1100,1100,1500,S,221832,31.33,220793,31.33
24430,09:30:32,31.34,500,500,500,B,222003,31.34,222503,31.34
25496,09:30:38,31.33,100,600,1500,S,224658,31.33,220793,31.33
27918,09:30:51,31.25,600,600,800,S,229998,31.25,217298,31.25
29144,09:30:57,31.33,500,600,500,B,224658,31.33,232691,31.33
29834,09:31:01,31.25,200,1000,800,S,234116,31.25,217298,31.25
31082,09:31:06,31.25,800,1000,1600,B,234116,31.25,236586,31.25
31083,09:31:06,31.25,800,1000,1600,B,235169,31.25,236586,31.25
33637,09:31:19,31.25,200,1000,1000,B,235169,31.25,241523,31.25
33638,09:31:19,31.25,800,900,1000,B,238042,31.25,241523,31.25
34984,09:31:25,31.2,500,1500,500,S,244387,31.19,242183,31.2
34985,09:31:25,31.2,200,1500,200,S,244387,31.19,242936,31.2
34986,09:31:25,31.19,800,1500,2200,S,244387,31.19,161173,31.19
35397,09:31:28,31.25,100,900,100,B,238042,31.25,245244,31.25
35921,09:31:30,31.25,300,300,400,B,241807,31.25,246195,31.25
35922,09:31:30,31.25,100,2300,400,B,242809,31.25,246195,31.25
36296,09:31:32,31.25,1500,2300,1500,B,242809,31.25,247138,31.25
37060,09:31:36,31.21,300,900,300,S,248957,31.2,246977,31.21
37061,09:31:36,31.2,600,900,1000,S,248957,31.2,247176,31.2
41805,09:32:01,31.21,500,500,2000,S,259271,31.21,251329,31.21
42078,09:32:02,31.25,700,2300,2000,B,242809,31.25,259821,31.25
42079,09:32:02,31.25,100,100,2000,B,249587,31.25,259821,31.25
42080,09:32:02,31.25,1200,1400,2000,B,249608,31.25,259821,31.25
42624,09:32:05,31.22,300,700,300,S,260900,31.21,259698,31.22
42625,09:32:05,31.21,400,700,2000,S,260900,31.21,251329,31.21
45556,09:32:20,31.21,100,100,2000,S,266991,31.21,251329,31.21
45916,09:32:22,31.21,400,400,2000,S,267727,31.21,251329,31.21
46056,09:32:22,31.25,100,1400,100,B,249608,31.25,267943,31.25
46081,09:32:23,31.25,100,1400,400,B,249608,31.25,268016,31.25
46082,09:32:23,31.25,200,200,400,B,250798,31.25,268016,31.25
47420,09:32:28,31.25,100,700,400,S,270353,31.25,268016,31.25
47421,09:32:28,31.25,600,700,1300,S,270353,31.25,269540,31.25
47449,09:32:29,31.25,700,1700,1300,S,270433,31.21,269540,31.25
47450,09:32:29,31.21,600,1700,2000,S,270433,31.21,251329,31.21
47451,09:32:29,31.21,400,1700,2000,S,270433,31.21,266092,31.21
47650,09:32:30,31.31,200,200,200,B,267134,31.31,270799,31.31
49652,09:32:41,31.33,1000,1000,1000,B,230926,31.33,275175,31.33
50954,09:32:48,31.34,200,200,3700,B,239272,31.34,278002,31.35
51435,09:32:51,31.35,500,500,3700,S,279128,31.35,278002,31.35
54283,09:33:05,31.35,500,500,3700,S,284884,31.35,278002,31.35
55679,09:33:12,31.35,2500,3000,3700,S,287870,31.35,278002,31.35
56036,09:33:14,31.35,200,3000,200,B,287870,31.35,288720,31.35
56443,09:33:16,31.35,300,3000,5600,B,287870,31.35,289624,31.4
56444,09:33:16,31.35,500,500,5600,B,289077,31.35,289624,31.4
56445,09:33:16,31.4,100,100,5600,B,282564,31.4,289624,31.4
56446,09:33:16,31.4,1000,1000,5600,B,285888,31.4,289624,31.4
56924,09:33:19,31.4,800,800,5600,S,290629,31.4,289624,31.4
57267,09:33:20,31.4,400,400,5600,S,291194,31.4,289624,31.4
57367,09:33:20,31.4,700,700,5600,S,291396,31.4,289624,31.4
58230,09:33:25,31.4,1000,1000,5600,S,293217,31.4,289624,31.4
58638,09:33:27,31.4,800,1500,5600,S,294184,31.37,289624,31.4
62213,09:33:44,31.33,300,300,800,S,301168,31.33,276521,31.33
64149,09:33:53,31.37,700,1500,700,B,294184,31.37,305306,31.37
68386,09:34:13,31.35,100,500,100,B,307476,31.35,313724,31.35
69400,09:34:17,31.33,400,400,800,S,315798,31.33,276521,31.33
69462,09:34:17,31.35,400,500,400,B,307476,31.35,315912,31.35
71403,09:34:26,31.34,1200,1200,5000,B,316036,31.34,319541,31.35
71404,09:34:26,31.35,3000,3000,5000,B,318536,31.35,319541,31.35
71660,09:34:27,31.35,100,100,5000,S,320095,31.35,319541,31.35
71811,09:34:28,31.35,300,300,5000,S,320469,31.35,319541,31.35
72532,09:34:32,31.35,100,100,5000,S,322295,31.35,319541,31.35
73643,09:34:37,31.35,300,1000,5000,S,324632,31.33,319541,31.35
73644,09:34:37,31.33,100,1000,800,S,324632,31.33,276521,31.33
73645,09:34:37,31.33,500,1000,500,S,324632,31.33,298005,31.33
73646,09:34:37,31.33,100,1000,800,S,324632,31.33,321972,31.33
74184,09:34:40,31.35,300,1400,300,B,325881,31.35,325913,31.35
76355,09:34:52,31.33,500,500,800,S,330677,31.33,321972,31.33
76552,09:34:53,31.35,1100,1400,2800,B,325881,31.35,331076,31.35
76553,09:34:53,31.35,200,200,2800,B,325997,31.35,331076,31.35
76554,09:34:53,31.35,500,500,2800,B,326675,31.35,331076,31.35
76555,09:34:53,31.35,900,900,2800,B,330054,31.35,331076,31.35
76556,09:34:53,31.35,100,100,2800,B,330274,31.35,331076,31.35
76658,09:34:53,31.33,200,500,800,S,331299,31.31,321972,31.33
76659,09:34:53,31.31,300,500,700,S,331299,31.31,309446,31.31
80050,09:35:07,31.31,300,300,700,S,337637,31.31,309446,31.31
80809,09:35:11,31.31,100,600,700,S,339160,31.31,309446,31.31
80810,09:35:11,31.31,500,600,800,S,339160,31.31,328874,31.31
80841,09:35:11,31.31,300,1600,800,S,339189,31.3,328874,31.31
80842,09:35:11,31.3,800,1600,800,S,339189,31.3,299360,31.3
80843,09:35:11,31.3,500,1600,1300,S,339189,31.3,303450,31.3
81270,09:35:12,31.31,200,300,200,S,340014,31.3,339478,31.31
81271,09:35:12,31.3,100,300,1300,S,340014,31.3,303450,31.3
82187,09:35:16,31.33,1500,1500,1500,B,331667,31.33,341886,31.33
82556,09:35:18,31.3,700,2000,1300,S,342580,31.3,303450,31.3
82557,09:35:18,31.3,200,2000,200,S,342580,31.3,336551,31.3
85909,09:35:30,31.25,1500,1500,3000,S,348351,31.25,303572,31.25
86203,09:35:31,31.25,100,100,3000,S,348898,31.25,303572,31.25
89924,09:35:43,31.25,1400,1900,3000,S,354461,31.25,303572,31.25
89925,09:35:43,31.25,500,1900,1600,S,354461,31.25,306747,31.25
91365,09:35:47,31.25,300,300,1600,S,356561,31.25,306747,31.25
91687,09:35:49,31.28,500,600,500,B,343291,31.28,357240,31.28
92318,09:35:51,31.25,300,300,1600,S,358321,31.25,306747,31.25
92552,09:35:52,31.25,100,100,1600,S,358713,31.25,306747,31.25
92581,09:35:52,31.25,200,200,1600,S,358741,31.25,306747,31.25
93799,09:35:56,31.28,100,600,400,B,343291,31.28,360436,31.3
93800,09:35:56,31.3,300,2000,400,B,342580,31.3,360436,31.3
94997,09:36:00,31.25,200,500,1600,S,362458,31.25,306747,31.25
96662,09:36:06,31.24,100,100,1000,S,365035,31.24,359356,31.24
97155,09:36:07,31.25,300,500,1400,B,362458,31.25,365865,31.3
97156,09:36:07,31.25,700,700,1400,B,364877,31.25,365865,31.3
97157,09:36:07,31.3,400,2000,1400,B,342580,31.3,365865,31.3
97400,09:36:09,31.24,900,1000,1000,S,366402,31.24,359356,31.24
98283,09:36:12,31.24,100,1000,1500,B,366402,31.24,368070,31.29
98284,09:36:12,31.24,200,200,1500,B,367809,31.24,368070,31.29
98285,09:36:12,31.25,200,200,1500,B,365875,31.25,368070,31.29
98286,09:36:12,31.29,1000,1700,1500,B,366351,31.29,368070,31.29
100612,09:36:22,31.25,400,1000,400,B,370356,31.25,372360,31.25
101344,09:36:25,31.24,100,900,100,S,373460,31.23,373032,31.24
101345,09:36:25,31.23,200,900,200,S,373460,31.23,275800,31.23
101346,09:36:25,31.23,400,900,400,S,373460,31.23,284721,31.23
101347,09:36:25,31.23,200,900,1100,S,373460,31.23,292827,31.23
102256,09:36:29,31.24,200,400,200,S,375324,31.23,373631,31.24
102257,09:36:29,31.23,200,400,1100,S,375324,31.23,292827,31.23
102585,09:36:31,31.23,300,300,1100,S,375945,31.23,292827,31.23
104212,09:36:38,31.23,400,2600,1100,S,379022,31.23,292827,31.23
104213,09:36:38,31.23,2200,2600,2900,S,379022,31.23,300596,31.23
104397,09:36:39,31.23,400,400,2900,S,379421,31.23,300596,31.23
104789,09:36:40,31.23,300,1100,2900,S,380065,31.23,300596,31.23
104790,09:36:40,31.23,200,1100,200,S,380065,31.23,362885,31.23
107717,09:36:52,31.22,500,500,2000,S,385279,31.22,270997,31.22
108774,09:36:57,31.23,100,1100,100,B,380065,31.23,387287,31.23
109227,09:36:59,31.23,200,1100,200,B,380065,31.23,388268,31.23
111752,09:37:09,31.23,100,1100,100,B,380065,31.23,392658,31.23
111827,09:37:10,31.23,200,1100,1500,B,380065,31.23,392828,31.28
111828,09:37:10,31.25,600,1000,1500,B,370356,31.25,392828,31.28
111829,09:37:10,31.28,700,2600,1500,B,388220,31.28,392828,31.28
111838,09:37:10,31.22,900,900,2000,S,392836,31.22,270997,31.22
112758,09:37:14,31.22,100,100,2000,S,394573,31.22,270997,31.22
113221,09:37:15,31.22,500,2000,2000,S,395266,31.21,270997,31.22
113222,09:37:15,31.22,300,2000,300,S,395266,31.21,276857,31.22
113223,09:37:15,31.22,100,2000,100,S,395266,31.21,277292,31.22
113224,09:37:15,31.21,1100,2000,2000,S,395266,31.21,266092,31.21
113401,09:37:16,31.21,500,1000,2000,S,395681,31.21,266092,31.21
113402,09:37:16,31.21,500,1000,1000,S,395681,31.21,306982,31.21
115893,09:37:27,31.21,500,1100,1000,S,400125,31.2,306982,31.21
115894,09:37:27,31.21,200,1100,200,S,400125,31.2,315189,31.21
115895,09:37:27,31.2,400,1100,1000,S,400125,31.2,247176,31.2
116692,09:37:30,31.2,200,1100,200,S,401660,31.19,275399,31.2
116693,09:37:30,31.2,200,1100,200,S,401660,31.19,394226,31.2
116694,09:37:30,31.2,100,1100,100,S,401660,31.19,399018,31.2
116695,09:37:30,31.19,600,1100,2200,S,401660,31.19,161173,31.19
118145,09:37:38,31.19,400,400,2200,S,404864,31.19,161173,31.19
119501,09:37:44,31.2,700,700,1000,S,407178,31.2,406682,31.2
121067,09:37:51,31.22,300,500,300,B,399406,31.22,410122,31.22
122260,09:37:56,31.22,200,500,1500,B,399406,31.22,412336,31.28
122261,09:37:56,31.23,100,100,1500,B,393054,31.23,412336,31.28
122262,09:37:56,31.23,200,200,1500,B,412026,31.23,412336,31.28
122263,09:37:56,31.27,100,100,1500,B,411112,31.27,412336,31.28
122264,09:37:56,31.28,900,2600,1500,B,388220,31.28,412336,31.28
128495,09:38:24,31.23,500,1600,500,S,423867,31.22,423857,31.23
128496,09:38:24,31.22,100,1600,100,S,423867,31.22,413471,31.22
128497,09:38:24,31.22,500,1600,500,S,423867,31.22,416299,31.22
128498,09:38:24,31.22,500,1600,1000,S,423867,31.22,417345,31.22
129643,09:38:28,31.23,300,1600,300,S,425851,31.21,424534,31.23
129644,09:38:28,31.22,500,1600,1000,S,425851,31.21,417345,31.22
129645,09:38:28,31.21,800,1600,800,S,425851,31.21,407271,31.21
130129,09:38:30,31.27,300,300,5000,B,426548,31.27,426720,31.28
130130,09:38:30,31.28,1000,2600,5000,B,388220,31.28,426720,31.28
130382,09:38:32,31.29,600,1700,600,B,366351,31.29,427328,31.29
130563,09:38:33,31.28,200,200,5000,S,427808,31.28,426720,31.28
131815,09:38:40,31.28,300,300,5000,S,430468,31.28,426720,31.28
132092,09:38:41,31.28,100,100,5000,S,431042,31.28,426720,31.28
132097,09:38:41,31.28,100,100,5000,S,431073,31.28,426720,31.28
132762,09:38:45,31.28,600,600,5000,S,432509,31.28,426720,31.28
133214,09:38:47,31.28,800,800,5000,S,433520,31.28,426720,31.28
133487,09:38:49,31.28,1000,1000,5000,S,434145,31.28,426720,31.28
134002,09:38:51,31.29,100,1700,100,B,366351,31.29,435164,31.29
134510,09:38:54,31.28,100,100,5000,S,436125,31.28,426720,31.28
135607,09:39:00,31.28,500,500,5000,S,438549,31.28,426720,31.28
136479,09:39:04,31.28,400,400,2000,S,440184,31.28,428367,31.28
138924,09:39:16,31.29,1000,1000,1500,B,427752,31.29,445004,31.3
138925,09:39:16,31.3,400,2000,1500,B,342580,31.3,445004,31.3
138926,09:39:16,31.3,100,700,1500,B,344422,31.3,445004,31.3
139311,09:39:18,31.28,400,400,2000,S,445712,31.28,428367,31.28
143384,09:39:41,31.28,700,700,2000,S,454409,31.28,428367,31.28
143446,09:39:41,31.28,500,700,2000,S,454557,31.28,428367,31.28
143780,09:39:44,31.28,100,700,100,B,454557,31.28,455336,31.28
144391,09:39:47,31.28,100,700,100,B,454557,31.28,456565,31.28
145146,09:39:51,31.24,200,200,1000,S,457938,31.24,452217,31.24
145861,09:39:55,31.28,100,100,100,B,457217,31.28,459403,31.28
146850,09:40:00,31.28,100,700,100,B,460078,31.28,461412,31.28
147726,09:40:05,31.24,800,1000,1000,S,463055,31.24,452217,31.24
147727,09:40:05,31.24,200,1000,2000,S,463055,31.24,457874,31.24
150436,09:40:19,31.25,1500,3000,1500,S,468275,31.24,466808,31.25
150437,09:40:19,31.24,1500,3000,2000,S,468275,31.24,457874,31.24
150639,09:40:20,31.28,600,700,1500,B,460078,31.28,468604,31.28
150640,09:40:20,31.28,300,300,1500,B,462820,31.28,468604,31.28
150641,09:40:20,31.28,600,600,1500,B,466869,31.28,468604,31.28
151658,09:40:26,31.27,100,100,100,B,470382,31.27,470549,31.27
152030,09:40:27,31.24,300,1000,2000,S,471152,31.24,457874,31.24
152031,09:40:27,31.24,700,1000,3000,S,471152,31.24,470818,31.24
154205,09:40:39,31.24,2300,3200,3000,S,475229,31.24,470818,31.24
154896,09:40:41,31.24,400,3200,400,B,475229,31.24,475974,31.24
158020,09:40:55,31.21,300,500,300,S,480842,31.21,427211,31.21
158021,09:40:55,31.21,200,500,1300,S,480842,31.21,460622,31.21
158527,09:40:58,31.21,600,600,1300,S,481843,31.21,460622,31.21
159025,09:41:00,31.24,500,3200,3000,B,475229,31.24,482456,31.24
159026,09:41:00,31.24,1000,1000,3000,B,481913,31.24,482456,31.24
159839,09:41:05,31.24,900,900,3000,S,484253,31.24,482456,31.24
160741,09:41:10,31.26,1500,3800,1500,B,478038,31.26,485922,31.26
163085,09:41:20,31.24,300,300,3000,S,489817,31.24,482456,31.24
164079,09:41:26,31.25,1000,1000,1300,B,486264,31.25,491877,31.25
164135,09:41:26,31.25,300,400,1300,S,492028,31.24,491877,31.25
164136,09:41:26,31.24,100,400,3000,S,492028,31.24,482456,31.24
166739,09:41:38,31.25,100,1300,100,S,496847,31.24,496238,31.25
166740,09:41:38,31.24,200,1300,3000,S,496847,31.24,482456,31.24
167869,09:41:44,31.24,500,1300,500,B,496847,31.24,498848,31.24
168080,09:41:45,31.21,500,10000,1300,S,499251,31.2,460622,31.21
168081,09:41:45,31.21,500,10000,500,S,499251,31.2,462630,31.21
168082,09:41:45,31.21,500,10000,500,S,499251,31.2,478526,31.21
168083,09:41:45,31.21,1700,10000,1700,S,499251,31.2,489187,31.21
168084,09:41:45,31.2,300,10000,1000,S,499251,31.2,406682,31.2
168085,09:41:45,31.2,2000,10000,2000,S,499251,31.2,408542,31.2
168086,09:41:45,31.2,600,10000,600,S,499251,31.2,408800,31.2
168087,09:41:45,31.2,2000,10000,2000,S,499251,31.2,417372,31.2
168088,09:41:45,31.2,500,10000,500,S,499251,31.2,421420,31.2
168089,09:41:45,31.2,500,10000,500,S,499251,31.2,432200,31.2
168090,09:41:45,31.2,900,10000,900,S,499251,31.2,449307,31.2
171351,09:42:01,31.24,500,1300,1500,B,496847,31.24,505485,31.26
171352,09:42:01,31.25,700,700,1500,B,498119,31.25,505485,31.26
171353,09:42:01,31.26,300,3800,1500,B,478038,31.26,505485,31.26
171508,09:42:02,31.21,500,500,1000,S,505740,31.21,501719,31.21
172087,09:42:05,31.21,500,1600,1000,S,506949,31.21,501719,31.21
174270,09:42:16,31.21,400,1600,400,B,506949,31.21,511191,31.21
174955,09:42:20,31.21,700,1600,1000,B,506949,31.21,512468,31.21
176028,09:42:25,31.21,300,500,1000,S,514484,31.2,512468,31.21
176029,09:42:25,31.2,200,500,300,S,514484,31.2,503480,31.2
176523,09:42:27,31.2,100,300,300,S,515216,31.2,503480,31.2
176938,09:42:29,31.2,200,300,1800,B,515216,31.2,515935,31.21
176946,09:42:29,31.21,800,800,1800,S,515961,31.21,515935,31.21
178678,09:42:38,31.21,800,900,1800,S,519258,31.21,515935,31.21
179477,09:42:42,31.21,100,900,100,B,519258,31.21,520761,31.21
181331,09:42:50,31.21,600,600,9200,B,520405,31.21,523950,31.21
184726,09:43:06,31.24,900,900,1500,B,528566,31.24,529867,31.25
184727,09:43:06,31.25,600,3100,1500,B,517824,31.25,529867,31.25
187367,09:43:16,31.25,2500,3100,4800,B,517824,31.25,533804,31.25
187388,09:43:16,31.25,400,400,4800,S,533840,31.25,533804,31.25
187776,09:43:18,31.25,500,500,4800,S,534511,31.25,533804,31.25
189260,09:43:25,31.25,1400,1500,4800,S,537135,31.24,533804,31.25
189269,09:43:26,31.24,100,1500,100,B,537135,31.24,537168,31.24
189355,09:43:26,31.21,100,100,9200,S,537317,31.21,523950,31.21
191640,09:43:38,31.23,300,2100,300,S,541571,31.21,540971,31.23
191641,09:43:38,31.22,1500,2100,1500,S,541571,31.21,540618,31.22
191642,09:43:38,31.21,300,2100,9200,S,541571,31.21,523950,31.21
193838,09:43:46,31.21,300,300,9200,S,544662,31.21,523950,31.21
193941,09:43:47,31.24,300,300,5600,B,541254,31.24,544869,31.25
195297,09:43:54,31.25,800,800,5600,S,547436,31.25,544869,31.25
196202,09:43:58,31.25,1100,1100,5600,S,549017,31.25,544869,31.25
197177,09:44:03,31.26,2000,3800,2200,B,478038,31.26,550661,31.26
197178,09:44:03,31.26,100,100,2200,B,486377,31.26,550661,31.26
197179,09:44:03,31.26,100,1000,2200,B,548292,31.26,550661,31.26
198089,09:44:07,31.26,900,1000,1500,B,548292,31.26,552069,31.26
199568,09:44:13,31.26,600,1000,1500,S,554538,31.25,552069,31.26
199569,09:44:13,31.25,400,1000,5600,S,554538,31.25,544869,31.25
202652,09:44:28,31.28,100,100,1100,B,555834,31.28,560113,31.3
202653,09:44:28,31.3,600,700,1100,B,344422,31.3,560113,31.3
202654,09:44:28,31.3,400,1000,1100,B,389206,31.3,560113,31.3
203064,09:44:31,31.26,100,500,100,S,560957,31.26,555335,31.26
203065,09:44:31,31.26,400,500,1200,S,560957,31.26,558949,31.26
204115,09:44:36,31.26,800,1634,1200,S,562996,31.26,558949,31.26
204116,09:44:36,31.26,834,1634,3600,S,562996,31.26,560439,31.26
204548,09:44:38,31.26,500,500,3600,S,563675,31.26,560439,31.26
206059,09:44:46,31.26,400,400,3600,S,566447,31.26,560439,31.26
207541,09:44:55,31.26,300,300,3600,S,569839,31.26,560439,31.26
207554,09:44:55,31.27,100,200,100,B,569396,31.27,569855,31.27
210929,09:45:15,31.26,100,100,3600,S,576742,31.26,560439,31.26
211562,09:45:18,31.27,100,200,1500,B,569396,31.27,577994,31.3
211563,09:45:18,31.3,600,1000,1500,B,389206,31.3,577994,31.3
211564,09:45:18,31.3,500,500,1500,B,533205,31.3,577994,31.3
212008,09:45:21,31.3,300,600,1500,S,578791,31.26,577994,31.3
212009,09:45:21,31.26,300,600,3600,S,578791,31.26,560439,31.26
214923,09:45:36,31.34,100,1100,100,B,434320,31.34,583789,31.34
215351,09:45:39,31.34,300,1100,300,B,434320,31.34,584766,31.34
215955,09:45:41,31.34,100,1100,100,B,434320,31.34,585648,31.34
220557,09:46:08,31.34,200,1100,200,B,434320,31.34,594528,31.34
223971,09:46:28,31.33,1500,1500,1500,B,596662,31.33,600709,31.33
225003,09:46:34,31.32,200,200,200,B,600867,31.32,602737,31.32
225921,09:46:40,31.3,1000,1400,1000,S,604419,31.3,596471,31.3
230146,09:47:03,31.26,100,100,3600,S,611731,31.26,560439,31.26
230588,09:47:05,31.3,400,1400,500,B,604419,31.3,612453,31.3
230589,09:47:05,31.3,100,100,500,B,609519,31.3,612453,31.3
231907,09:47:12,31.26,400,400,3600,S,614760,31.26,560439,31.26
232855,09:47:17,31.26,666,3166,3600,S,616233,31.26,560439,31.26
232856,09:47:17,31.26,100,3166,100,S,616233,31.26,573798,31.26
232857,09:47:17,31.26,500,3166,500,S,616233,31.26,574828,31.26
232858,09:47:17,31.26,100,3166,100,S,616233,31.26,577815,31.26
232859,09:47:17,31.26,200,3166,200,S,616233,31.26,592739,31.26
232860,09:47:17,31.26,200,3166,200,S,616233,31.26,596978,31.26
234607,09:47:27,31.26,500,3166,500,B,616233,31.26,619626,31.26
235486,09:47:33,31.25,2100,2100,5600,S,621329,31.25,544869,31.25
236852,09:47:41,31.25,900,1100,5600,S,623827,31.23,544869,31.25
236853,09:47:41,31.23,200,1100,2100,S,623827,31.23,574315,31.23
237338,09:47:44,31.26,100,3166,100,B,616233,31.26,624968,31.26
238250,09:47:50,31.25,300,300,300,B,625740,31.25,626704,31.25
239010,09:47:54,31.23,1900,17000,2100,S,628121,31.19,574315,31.23
239011,09:47:54,31.22,300,17000,300,S,628121,31.19,547313,31.22
239012,09:47:54,31.22,1000,17000,1000,S,628121,31.19,551570,31.22
239013,09:47:54,31.22,600,17000,600,S,628121,31.19,553005,31.22
239014,09:47:54,31.22,2000,17000,2000,S,628121,31.19,561386,31.22
239015,09:47:54,31.21,7900,17000,9200,S,628121,31.19,523950,31.21
239016,09:47:54,31.21,2000,17000,2000,S,628121,31.19,538130,31.21
239017,09:47:54,31.2,200,17000,200,S,628121,31.19,529163,31.2
239018,09:47:54,31.2,800,17000,800,S,628121,31.19,614142,31.2
239019,09:47:54,31.2,200,17000,200,S,628121,31.19,625206,31.2
239020,09:47:54,31.19,100,17000,100,S,628121,31.19,218576,31.19
241263,09:48:05,31.25,700,700,1500,B,625772,31.25,631726,31.26
241264,09:48:05,31.26,800,3166,1500,B,616233,31.26,631726,31.26
247263,09:48:40,31.2,500,1200,500,S,642806,31.2,637279,31.2
247264,09:48:40,31.2,700,1200,700,S,642806,31.2,640249,31.2
247783,09:48:43,31.2,400,400,500,S,643806,31.2,640968,31.2
247968,09:48:44,31.2,100,500,500,S,644047,31.2,640968,31.2
247969,09:48:44,31.2,400,500,2500,S,644047,31.2,642763,31.2
249869,09:48:55,31.2,100,100,2500,S,647379,31.2,642763,31.2
250245,09:48:57,31.2,2000,2000,2500,S,648160,31.2,642763,31.2
252307,09:49:10,31.24,100,100,100,B,634633,31.24,652107,31.24
252987,09:49:15,31.24,200,200,500,B,649127,31.24,653604,31.25
252988,09:49:15,31.24,100,100,500,B,649876,31.24,653604,31.25
252989,09:49:15,31.25,200,300,500,B,635343,31.25,653604,31.25
257220,09:49:43,31.24,200,200,1000,B,656428,31.24,661909,31.25
257221,09:49:43,31.24,100,100,1000,B,659639,31.24,661909,31.25
257222,09:49:43,31.25,100,300,1000,B,635343,31.25,661909,31.25
257223,09:49:43,31.25,100,100,1000,B,643750,31.25,661909,31.25
257224,09:49:43,31.25,300,300,1000,B,645361,31.25,661909,31.25
257225,09:49:43,31.25,200,300,1000,B,657683,31.25,661909,31.25
261235,09:50:10,31.22,200,200,800,S,669729,31.22,664474,31.22
263809,09:50:25,31.23,400,500,400,S,674316,31.23,670530,31.23
264143,09:50:27,31.23,100,500,1500,B,674316,31.23,674782,31.25
264144,09:50:27,31.24,100,100,1500,B,665633,31.24,674782,31.25
264145,09:50:27,31.24,100,100,1500,B,669578,31.24,674782,31.25
264146,09:50:27,31.24,100,100,1500,B,670649,31.24,674782,31.25
264147,09:50:27,31.24,1000,1000,1500,B,672193,31.24,674782,31.25
264148,09:50:27,31.25,100,300,1500,B,657683,31.25,674782,31.25
265122,09:50:32,31.22,400,400,800,S,676487,31.22,664474,31.22
266852,09:50:44,31.24,600,600,1000,S,679854,31.24,677044,31.24
270403,09:51:06,31.25,400,400,700,B,665941,31.25,686051,31.25
270404,09:51:06,31.25,300,3000,700,B,667261,31.25,686051,31.25
270922,09:51:09,31.24,400,1500,1000,S,686920,31.24,677044,31.24
271895,09:51:16,31.24,1100,1500,1500,B,686920,31.24,688886,31.25
271896,09:51:16,31.25,400,3000,1500,B,667261,31.25,688886,31.25
274703,09:51:35,31.25,300,3000,300,B,667261,31.25,694102,31.25
276903,09:51:51,31.22,200,2000,800,S,698305,31.22,664474,31.22
276904,09:51:51,31.22,1800,2000,5000,S,698305,31.22,665029,31.22
277483,09:51:54,31.22,2000,2000,5000,S,699188,31.22,665029,31.22
279471,09:52:07,31.22,100,100,5000,S,702747,31.22,665029,31.22
279892,09:52:11,31.24,700,700,1500,B,697631,31.24,703523,31.25
279893,09:52:11,31.25,800,3000,1500,B,667261,31.25,703523,31.25
288594,09:53:06,31.24,1500,2100,1500,B,710836,31.24,718041,31.24
289617,09:53:12,31.23,400,400,400,S,719464,31.23,703873,31.23
293083,09:53:33,31.22,100,100,5000,S,725103,31.22,665029,31.22
293884,09:53:36,31.22,300,300,5000,S,726134,31.22,665029,31.22
293982,09:53:37,31.23,100,200,100,B,721041,31.23,726395,31.23
295079,09:53:44,31.22,100,100,5000,S,728136,31.22,665029,31.22
295123,09:53:44,31.22,600,2700,5000,S,728210,31.22,665029,31.22
295124,09:53:44,31.22,400,2700,400,S,728210,31.22,667131,31.22
295125,09:53:44,31.22,1000,2700,1000,S,728210,31.22,701375,31.22
298077,09:54:01,31.22,500,2700,500,B,728210,31.22,732929,31.22
298159,09:54:01,31.21,100,100,400,S,733039,31.21,648854,31.21
298798,09:54:05,31.22,200,2700,400,B,728210,31.22,734171,31.22
298799,09:54:05,31.22,200,1000,400,B,728265,31.22,734171,31.22
299915,09:54:11,31.21,300,1200,400,S,735796,31.21,648854,31.21
299916,09:54:11,31.21,200,1200,200,S,735796,31.21,656631,31.21
299917,09:54:11,31.21,500,1200,500,S,735796,31.21,657819,31.21
299918,09:54:11,31.21,200,1200,200,S,735796,31.21,659984,31.21
300003,09:54:11,31.21,100,100,1000,S,735873,31.21,660092,31.21
300645,09:54:16,31.21,500,500,1000,S,737155,31.21,660092,31.21
301469,09:54:20,31.21,400,600,1000,S,738319,31.21,660092,31.21
301615,09:54:21,31.21,200,600,1000,B,738319,31.21,738595,31.22
301616,09:54:21,31.22,800,1000,1000,B,728265,31.22,738595,31.22
303067,09:54:28,31.2,200,1400,200,S,740919,31.2,650462,31.2
303068,09:54:28,31.2,1000,1400,1000,S,740919,31.2,651856,31.2
303069,09:54:28,31.2,200,1400,500,S,740919,31.2,655023,31.2
304309,09:54:35,31.22,300,300,300,B,731661,31.22,742908,31.22
304844,09:54:38,31.22,100,100,300,B,738482,31.22,743861,31.22
304902,09:54:38,31.22,200,200,300,S,743967,31.22,743861,31.22
306434,09:54:47,31.2,300,1400,500,S,746567,31.2,655023,31.2
306435,09:54:47,31.2,1100,1400,1534,S,746567,31.2,694714,31.2
306838,09:54:50,31.23,100,200,300,B,721041,31.23,747354,31.23
306839,09:54:50,31.23,200,800,300,B,723323,31.23,747354,31.23
309311,09:55:05,31.21,200,200,900,S,751894,31.21,747502,31.21
309711,09:55:08,31.22,300,300,3400,B,748875,31.22,752649,31.22
309729,09:55:08,31.22,400,400,3400,S,752709,31.22,752649,31.22
310577,09:55:13,31.23,600,800,1500,B,723323,31.23,754474,31.24
310578,09:55:13,31.23,300,300,1500,B,725857,31.23,754474,31.24
310579,09:55:13,31.24,600,2100,1500,B,710836,31.24,754474,31.24
312533,09:55:25,31.22,100,100,3400,S,758060,31.22,752649,31.22
313887,09:55:33,31.22,2600,8600,3400,S,760421,31.22,752649,31.22
313888,09:55:33,31.22,100,8600,100,S,760421,31.22,753714,31.22
315247,09:55:41,31.21,700,1900,900,S,762766,31.21,747502,31.21
316410,09:55:49,31.21,600,1900,600,B,762766,31.21,765068,31.21
317267,09:55:54,31.2,434,434,1534,S,766550,31.2,694714,31.2
318289,09:56:00,31.21,600,1900,18300,B,762766,31.21,768348,31.25
318290,09:56:00,31.22,5900,8600,18300,B,760421,31.22,768348,31.25
318291,09:56:00,31.23,300,300,18300,B,754947,31.23,768348,31.25
318292,09:56:00,31.23,100,100,18300,B,755684,31.23,768348,31.25
318293,09:56:00,31.23,200,200,18300,B,757226,31.23,768348,31.25
318294,09:56:00,31.24,800,800,18300,B,715774,31.24,768348,31.25
318295,09:56:00,31.24,500,500,18300,B,723320,31.24,768348,31.25
318296,09:56:00,31.25,1200,3000,18300,B,667261,31.25,768348,31.25
318297,09:56:00,31.25,800,800,18300,B,678434,31.25,768348,31.25
318298,09:56:00,31.25,300,300,18300,B,690697,31.25,768348,31.25
318299,09:56:00,31.25,400,400,18300,B,707891,31.25,768348,31.25
318759,09:56:03,31.25,600,600,18300,S,768972,31.25,768348,31.25
319137,09:56:05,31.25,6400,6400,18300,S,769722,31.25,768348,31.25
319745,09:56:08,31.25,200,200,18300,S,770546,31.25,768348,31.25
321277,09:56:15,31.26,800,800,6000,B,622502,31.26,772393,31.35
321278,09:56:15,31.3,100,100,6000,B,722354,31.3,772393,31.35
321279,09:56:15,31.31,500,500,6000,B,719815,31.31,772393,31.35
321280,09:56:15,31.34,400,1100,6000,B,434320,31.34,772393,31.35
321281,09:56:15,31.34,200,200,6000,B,663449,31.34,772393,31.35
321282,09:56:15,31.34,300,300,6000,B,669089,31.34,772393,31.35
321283,09:56:15,31.34,500,500,6000,B,744144,31.34,772393,31.35
321284,09:56:15,31.35,200,200,6000,B,365244,31.35,772393,31.35
321285,09:56:15,31.35,200,200,6000,B,707511,31.35,772393,31.35
321286,09:56:15,31.35,600,600,6000,B,743792,31.35,772393,31.35
321432,09:56:16,31.35,400,400,6000,S,772677,31.35,772393,31.35
323132,09:56:25,31.35,900,900,6000,S,775396,31.35,772393,31.35
324797,09:56:35,31.35,600,600,6000,S,778130,31.35,772393,31.35
326910,09:56:48,31.35,100,100,6000,S,781750,31.35,772393,31.35
326960,09:56:48,31.36,600,600,7500,B,315473,31.36,781794,31.38
326961,09:56:48,31.37,300,300,7500,B,596587,31.37,781794,31.38
326962,09:56:48,31.38,500,500,7500,B,570148,31.38,781794,31.38
326963,09:56:48,31.38,300,300,7500,B,579939,31.38,781794,31.38
326964,09:56:48,31.38,600,600,7500,B,676356,31.38,781794,31.38
326965,09:56:48,31.38,600,600,7500,B,710772,31.38,781794,31.38
328089,09:56:55,31.38,1000,1000,7500,S,783740,31.38,781794,31.38
328217,09:56:55,31.38,800,800,7500,S,783959,31.38,781794,31.38
328822,09:56:58,31.39,400,400,500,B,332758,31.39,784785,31.39
328823,09:56:58,31.39,100,500,500,B,374109,31.39,784785,31.39
330796,09:57:09,31.38,500,500,7500,S,788016,31.38,781794,31.38
331271,09:57:11,31.39,400,500,3000,B,374109,31.39,788700,31.39
331272,09:57:11,31.39,2600,5000,3000,B,780248,31.39,788700,31.39
331438,09:57:12,31.39,500,5000,500,B,780248,31.39,788935,31.39
332064,09:57:15,31.39,1900,5000,3000,B,780248,31.39,789791,31.39
332386,09:57:16,31.39,1100,2000,3000,S,790164,31.38,789791,31.39
332387,09:57:16,31.38,900,2000,7500,S,790164,31.38,781794,31.38
332835,09:57:19,31.38,400,400,7500,S,790835,31.38,781794,31.38
332888,09:57:19,31.38,1000,1000,7500,S,790899,31.38,781794,31.38
333703,09:57:23,31.39,200,200,300,B,790304,31.39,792127,31.39
333742,09:57:23,31.4,200,200,1500,B,342205,31.4,792219,31.4
333743,09:57:23,31.4,1000,1000,1500,B,356638,31.4,792219,31.4
333744,09:57:23,31.4,300,300,1500,B,406842,31.4,792219,31.4
334293,09:57:26,31.39,100,100,300,S,793030,31.39,792127,31.39
334327,09:57:26,31.4,200,200,50000,B,544655,31.4,793076,31.45
334328,09:57:26,31.4,2500,2500,50000,B,616102,31.4,793076,31.45
334329,09:57:26,31.4,300,300,50000,B,720283,31.4,793076,31.45
334330,09:57:26,31.4,100,100,50000,B,776645,31.4,793076,31.45
334331,09:57:26,31.42,100,100,50000,B,285650,31.42,793076,31.45
334332,09:57:26,31.42,1000,1000,50000,B,321719,31.42,793076,31.45
334333,09:57:26,31.45,3000,3000,50000,B,241118,31.45,793076,31.45
334334,09:57:26,31.45,300,300,50000,B,736189,31.45,793076,31.45
335040,09:57:29,31.45,500,500,50000,S,793866,31.45,793076,31.45
335885,09:57:33,31.45,5000,5000,50000,S,795158,31.45,793076,31.45
336425,09:57:36,31.45,100,100,50000,S,795895,31.45,793076,31.45
336520,09:57:37,31.46,2000,2000,5000,B,589702,31.46,796095,31.48
336521,09:57:37,31.48,200,200,5000,B,222538,31.48,796095,31.48
336522,09:57:37,31.48,1000,1000,5000,B,575942,31.48,796095,31.48
336523,09:57:37,31.48,1000,1000,5000,B,579488,31.48,796095,31.48
336524,09:57:37,31.48,400,400,5000,B,588930,31.48,796095,31.48
336525,09:57:37,31.48,400,500,5000,B,671793,31.48,796095,31.48
338395,09:57:44,31.45,4400,4400,50000,S,798266,31.45,793076,31.45
339303,09:57:49,31.48,100,500,5000,B,671793,31.48,799668,31.5
339304,09:57:49,31.48,500,500,5000,B,797495,31.48,799668,31.5
339305,09:57:49,31.49,1000,1000,5000,B,178823,31.49,799668,31.5
339306,09:57:49,31.49,400,400,5000,B,332759,31.49,799668,31.5
339307,09:57:49,31.49,1400,1400,5000,B,681851,31.49,799668,31.5
339308,09:57:49,31.49,100,100,5000,B,715548,31.49,799668,31.5
339309,09:57:49,31.5,500,500,5000,B,213108,31.5,799668,31.5
339310,09:57:49,31.5,100,100,5000,B,233060,31.5,799668,31.5
339311,09:57:49,31.5,600,600,5000,B,446544,31.5,799668,31.5
339312,09:57:49,31.5,300,500,5000,B,623159,31.5,799668,31.5
339432,09:57:49,31.46,600,600,1500,S,799880,31.46,799686,31.46
340044,09:57:52,31.46,900,1000,1500,S,800651,31.45,799686,31.46
340045,09:57:52,31.45,100,1000,50000,S,800651,31.45,793076,31.45
340207,09:57:53,31.45,200,200,50000,S,800968,31.45,793076,31.45
341201,09:57:57,31.45,700,700,50000,S,802161,31.45,793076,31.45
341259,09:57:57,31.47,100,100,100,B,800672,31.47,802218,31.47
341308,09:57:57,31.45,100,100,50000,S,802312,31.45,793076,31.45
342641,09:58:04,31.45,1000,1000,50000,S,804266,31.45,793076,31.45
342662,09:58:04,31.45,3100,3100,50000,S,804315,31.45,793076,31.45
343129,09:58:07,31.45,1000,1000,50000,S,805064,31.45,793076,31.45
343457,09:58:09,31.48,1500,5000,1500,B,800361,31.48,805756,31.48
343677,09:58:10,31.47,100,500,100,S,806066,31.47,805295,31.47
343933,09:58:12,31.46,500,5000,500,S,806587,31.45,805733,31.46
343934,09:58:12,31.45,4500,5000,50000,S,806587,31.45,793076,31.45
345086,09:58:16,31.45,100,100,50000,S,808017,31.45,793076,31.45
345220,09:58:17,31.47,400,500,400,B,806066,31.47,808225,31.47
345411,09:58:18,31.45,4100,4100,50000,S,808552,31.45,793076,31.45
345539,09:58:19,31.45,1000,1000,50000,S,808790,31.45,793076,31.45
346330,09:58:22,31.45,500,500,50000,S,809873,31.45,793076,31.45
346518,09:58:23,31.45,500,500,50000,S,810064,31.45,793076,31.45
346774,09:58:23,31.46,200,700,200,B,809070,31.46,810159,31.46
346885,09:58:24,31.45,2000,2000,50000,S,810358,31.45,793076,31.45
347124,09:58:26,31.45,4800,4800,50000,S,810860,31.45,793076,31.45
347268,09:58:26,31.45,100,100,50000,S,811092,31.45,793076,31.45
347269,09:58:26,31.45,700,700,50000,S,811102,31.45,793076,31.45
347290,09:58:26,31.45,500,500,50000,S,811130,31.45,793076,31.45
347413,09:58:27,31.45,300,300,50000,S,811386,31.45,793076,31.45
347418,09:58:27,31.45,100,100,50000,S,811404,31.45,793076,31.45
347508,09:58:28,31.45,7100,9855,50000,S,811602,31.45,793076,31.45
347509,09:58:28,31.45,600,9855,600,S,811602,31.45,795298,31.45
347510,09:58:28,31.45,200,9855,200,S,811602,31.45,796796,31.45
347790,09:58:30,31.45,1955,9855,44155,B,811602,31.45,812107,31.5
347791,09:58:30,31.45,2500,2500,44155,B,811905,31.45,812107,31.5
347792,09:58:30,31.45,500,500,44155,B,811973,31.45,812107,31.5
347793,09:58:30,31.46,500,700,44155,B,809070,31.46,812107,31.5
347794,09:58:30,31.46,100,100,44155,B,809534,31.46,812107,31.5
347795,09:58:30,31.47,100,100,44155,B,808473,31.47,812107,31.5
347796,09:58:30,31.47,100,100,44155,B,809285,31.47,812107,31.5
347797,09:58:30,31.47,200,200,44155,B,809569,31.47,812107,31.5
347798,09:58:30,31.48,3500,5000,44155,B,800361,31.48,812107,31.5
347799,09:58:30,31.48,3400,3400,44155,B,800810,31.48,812107,31.5
347800,09:58:30,31.48,200,200,44155,B,807450,31.48,812107,31.5
347801,09:58:30,31.48,1000,1000,44155,B,810666,31.48,812107,31.5
347802,09:58:30,31.49,300,300,44155,B,806628,31.49,812107,31.5
347803,09:58:30,31.5,200,500,44155,B,623159,31.5,812107,31.5
347804,09:58:30,31.5,1000,1000,44155,B,798090,31.5,812107,31.5
347805,09:58:30,31.5,400,400,44155,B,802171,31.5,812107,31.5
347806,09:58:30,31.5,600,600,44155,B,802702,31.5,812107,31.5
347807,09:58:30,31.5,1000,1000,44155,B,805131,31.5,812107,31.5
347808,09:58:30,31.5,100,100,44155,B,806167,31.5,812107,31.5
348044,09:58:31,31.5,500,500,44155,S,812381,31.5,812107,31.5
348052,09:58:31,31.5,200,200,44155,S,812417,31.5,812107,31.5
348183,09:58:32,31.5,200,200,44155,S,812659,31.5,812107,31.5
348223,09:58:32,31.5,400,400,44155,S,812717,31.5,812107,31.5
348373,09:58:33,31.5,500,500,44155,S,813035,31.5,812107,31.5
348383,09:58:33,31.5,5000,5000,44155,S,813064,31.5,812107,31.5
348492,09:58:34,31.5,500,500,44155,S,813278,31.5,812107,31.5
348713,09:58:35,31.5,14000,14000,44155,S,813595,31.5,812107,31.5
348752,09:58:35,31.5,100,100,44155,S,813677,31.5,812107,31.5
348753,09:58:35,31.5,100,100,44155,S,813683,31.5,812107,31.5
349436,09:58:38,31.5,5000,5000,44155,S,814449,31.5,812107,31.5
349899,09:58:41,31.53,500,500,42100,B,798782,31.53,815471,31.57
349900,09:58:41,31.53,300,300,42100,B,815451,31.53,815471,31.57
349901,09:58:41,31.54,200,200,42100,B,431500,31.54,815471,31.57
349902,09:58:41,31.54,500,500,42100,B,805288,31.54,815471,31.57
349903,09:58:41,31.54,600,600,42100,B,806503,31.54,815471,31.57
349904,09:58:41,31.55,1000,1000,42100,B,812315,31.55,815471,31.57
349905,09:58:41,31.56,200,200,42100,B,805810,31.56,815471,31.57
349906,09:58:41,31.56,300,300,42100,B,814267,31.56,815471,31.57
349907,09:58:41,31.57,200,200,42100,B,149069,31.57,815471,31.57
349908,09:58:41,31.57,1100,1100,42100,B,196088,31.57,815471,31.57
349909,09:58:41,31.57,1000,1000,42100,B,197492,31.57,815471,31.57
349910,09:58:41,31.57,200,200,42100,B,807903,31.57,815471,31.57
349974,09:58:42,31.58,100,200,100,B,149983,31.58,815634,31.58
349999,09:58:42,31.57,500,500,42100,S,815696,31.57,815471,31.57
350516,09:58:45,31.57,500,500,42100,S,816437,31.57,815471,31.57
351056,09:58:48,31.57,10400,10400,42100,S,817274,31.57,815471,31.57
351370,09:58:50,31.58,100,200,10000,B,149983,31.58,817846,31.58
351371,09:58:50,31.58,200,200,10000,B,164118,31.58,817846,31.58
351372,09:58:50,31.58,1000,1000,10000,B,191703,31.58,817846,31.58
351373,09:58:50,31.58,500,500,10000,B,286050,31.58,817846,31.58
351374,09:58:50,31.58,900,900,10000,B,359924,31.58,817846,31.58
351375,09:58:50,31.58,7300,7500,10000,B,404848,31.58,817846,31.58
351419,09:58:50,31.57,10000,10000,42100,S,817932,31.57,815471,31.57
351527,09:58:50,31.58,100,7500,100,B,404848,31.58,818008,31.58
352075,09:58:54,31.57,500,500,42100,S,819033,31.57,815471,31.57
352409,09:58:55,31.58,100,7500,2200,B,404848,31.58,819553,31.58
352410,09:58:55,31.58,100,100,2200,B,479030,31.58,819553,31.58
352411,09:58:55,31.58,2000,5000,2200,B,819328,31.58,819553,31.58
352559,09:58:56,31.57,14000,14000,42100,S,819832,31.57,815471,31.57
352996,09:58:59,31.58,3000,5000,3300,B,819328,31.58,820625,31.59
352997,09:58:59,31.59,100,100,3300,B,464618,31.59,820625,31.59
352998,09:58:59,31.59,200,200,3300,B,819720,31.59,820625,31.59
353174,09:59:00,31.57,100,100,42100,S,821054,31.57,815471,31.57
353194,09:59:01,31.59,600,600,14400,B,820633,31.59,821092,31.6
353195,09:59:01,31.6,200,200,14400,B,147893,31.6,821092,31.6
353196,09:59:01,31.6,100,100,14400,B,148631,31.6,821092,31.6
353197,09:59:01,31.6,500,500,14400,B,203343,31.6,821092,31.6
353198,09:59:01,31.6,600,600,14400,B,468714,31.6,821092,31.6
353199,09:59:01,31.6,1500,1500,14400,B,800892,31.6,821092,31.6
353200,09:59:01,31.6,100,100,14400,B,816282,31.6,821092,31.6
353318,09:59:01,31.6,400,400,14400,S,821294,31.6,821092,31.6
353405,09:59:02,31.6,1000,1000,14400,S,821529,31.6,821092,31.6
353497,09:59:03,31.6,500,500,14400,S,821690,31.6,821092,31.6
354086,09:59:06,31.6,2100,2100,14400,S,822746,31.6,821092,31.6
354205,09:59:07,31.6,500,500,14400,S,822927,31.6,821092,31.6
354279,09:59:08,31.6,200,200,14400,S,823127,31.6,821092,31.6
354283,09:59:08,31.6,100,100,14400,S,823134,31.6,821092,31.6
354290,09:59:08,31.61,400,400,10000,B,334434,31.61,823145,31.65
354291,09:59:08,31.62,500,500,10000,B,808544,31.62,823145,31.65
354292,09:59:08,31.63,2300,2300,10000,B,142926,31.63,823145,31.65
354293,09:59:08,31.63,400,400,10000,B,433133,31.63,823145,31.65
354294,09:59:08,31.63,600,600,10000,B,673242,31.63,823145,31.65
354295,09:59:08,31.65,1000,1000,10000,B,205709,31.65,823145,31.65
354296,09:59:08,31.65,1000,1000,10000,B,220123,31.65,823145,31.65
354650,09:59:10,31.65,200,200,10000,S,823744,31.65,823145,31.65
354866,09:59:10,31.66,100,100,200,B,543945,31.66,823968,31.66
354867,09:59:10,31.66,100,500,200,B,731043,31.66,823968,31.66
355148,09:59:12,31.65,500,500,10000,S,824325,31.65,823145,31.65
355806,09:59:16,31.66,400,500,1500,B,731043,31.66,825490,31.66
355807,09:59:16,31.66,200,200,1500,B,813898,31.66,825490,31.66
355831,09:59:16,31.66,900,10000,1500,S,825534,31.6,825490,31.66
355832,09:59:16,31.65,3100,10000,10000,S,825534,31.6,823145,31.65
355833,09:59:16,31.6,6000,10000,14400,S,825534,31.6,821092,31.6
355955,09:59:16,31.68,300,300,27800,B,141971,31.68,825747,31.69
355956,09:59:16,31.68,300,300,27800,B,481274,31.68,825747,31.69
355957,09:59:16,31.69,600,600,27800,B,139648,31.69,825747,31.69
355958,09:59:16,31.69,100,100,27800,B,142330,31.69,825747,31.69
355959,09:59:16,31.69,4900,4900,27800,B,460520,31.69,825747,31.69
355960,09:59:16,31.69,100,100,27800,B,821597,31.69,825747,31.69
355961,09:59:16,31.69,500,500,27800,B,824754,31.69,825747,31.69
355962,09:59:16,31.69,500,500,27800,B,825175,31.69,825747,31.69
355963,09:59:16,31.69,500,500,27800,B,825194,31.69,825747,31.69
356199,09:59:18,31.69,500,500,27800,S,826130,31.69,825747,31.69
356296,09:59:18,31.69,7000,7000,27800,S,826299,31.69,825747,31.69
357017,09:59:21,31.69,500,500,27800,S,827049,31.69,825747,31.69
357089,09:59:21,31.69,1000,1000,27800,S,827128,31.69,825747,31.69
357272,09:59:22,31.69,3000,3000,27800,S,827464,31.69,825747,31.69
357279,09:59:22,31.69,500,500,27800,S,827483,31.69,825747,31.69
357495,09:59:24,31.69,700,700,27800,S,827892,31.69,825747,31.69
357751,09:59:25,31.69,100,100,27800,S,828332,31.69,825747,31.69
357846,09:59:26,31.7,100,100,15000,B,87012,31.7,828430,31.7
357847,09:59:26,31.7,100,100,15000,B,117878,31.7,828430,31.7
357848,09:59:26,31.7,600,600,15000,B,130738,31.7,828430,31.7
357849,09:59:26,31.7,200,200,15000,B,132960,31.7,828430,31.7
357850,09:59:26,31.7,600,600,15000,B,133844,31.7,828430,31.7
357851,09:59:26,31.7,9300,9300,15000,B,184407,31.7,828430,31.7
357852,09:59:26,31.7,300,300,15000,B,217662,31.7,828430,31.7
357853,09:59:26,31.7,1600,1600,15000,B,260727,31.7,828430,31.7
357854,09:59:26,31.7,100,100,15000,B,348520,31.7,828430,31.7
357855,09:59:26,31.7,500,500,15000,B,452771,31.7,828430,31.7
357856,09:59:26,31.7,400,400,15000,B,497727,31.7,828430,31.7
357857,09:59:26,31.7,1200,2000,15000,B,787233,31.7,828430,31.7
357924,09:59:26,31.69,300,300,27800,S,828565,31.69,825747,31.69
358016,09:59:27,31.69,200,200,27800,S,828695,31.69,825747,31.69
358355,09:59:29,31.69,700,700,27800,S,829228,31.69,825747,31.69
358434,09:59:29,31.7,800,2000,10000,B,787233,31.7,829351,31.7
358435,09:59:29,31.7,800,800,10000,B,816639,31.7,829351,31.7
358783,09:59:31,31.7,400,400,10000,S,830000,31.7,829351,31.7
359018,09:59:32,31.7,800,800,10000,S,830396,31.7,829351,31.7
359076,09:59:33,31.7,500,500,10000,S,830516,31.7,829351,31.7
359147,09:59:33,31.7,500,500,10000,S,830602,31.7,829351,31.7
359204,09:59:34,31.7,1000,1000,10000,S,830752,31.7,829351,31.7
359362,09:59:35,31.7,100,100,10000,S,831074,31.7,829351,31.7
359398,09:59:35,31.7,200,200,10000,S,831148,31.7,829351,31.7
359704,09:59:37,31.7,1000,1000,10000,S,831692,31.7,829351,31.7
359790,09:59:38,31.7,3800,3800,10000,S,831872,31.7,829351,31.7
359851,09:59:38,31.71,600,600,50000,B,103783,31.71,831988,31.75
359852,09:59:38,31.71,1000,1000,50000,B,828574,31.71,831988,31.75
359853,09:59:38,31.72,1000,1000,50000,B,266244,31.72,831988,31.75
359854,09:59:38,31.75,1000,1000,50000,B,229229,31.75,831988,31.75
359855,09:59:38,31.75,200,200,50000,B,330453,31.75,831988,31.75
359856,09:59:38,31.75,500,500,50000,B,524431,31.75,831988,31.75
359857,09:59:38,31.75,100,100,50000,B,528120,31.75,831988,31.75
359858,09:59:38,31.75,7000,7000,50000,B,710702,31.75,831988,31.75
359859,09:59:38,31.75,3000,3000,50000,B,789150,31.75,831988,31.75
359962,09:59:39,31.75,500,500,50000,S,832213,31.75,831988,31.75
360101,09:59:40,31.75,600,600,50000,S,832466,31.75,831988,31.75
360227,09:59:40,31.75,1000,1000,50000,S,832688,31.75,831988,31.75
360232,09:59:40,31.75,300,300,50000,S,832697,31.75,831988,31.75
360270,09:59:41,31.75,900,900,50000,S,832784,31.75,831988,31.75
360379,09:59:41,31.75,500,500,50000,S,832939,31.75,831988,31.75
360381,09:59:41,31.76,100,100,200,B,832067,31.76,832946,31.77
360382,09:59:41,31.77,100,3000,200,B,790435,31.77,832946,31.77
360517,09:59:42,31.75,300,300,50000,S,833220,31.75,831988,31.75
360538,09:59:42,31.75,2000,2000,50000,S,833243,31.75,831988,31.75
360679,09:59:43,31.75,500,500,50000,S,833430,31.75,831988,31.75
361241,09:59:47,31.77,2900,3000,50000,B,790435,31.77,834537,31.79
361242,09:59:47,31.78,500,500,50000,B,34771,31.78,834537,31.79
361243,09:59:47,31.78,100,100,50000,B,36011,31.78,834537,31.79
361244,09:59:47,31.78,100,100,50000,B,221799,31.78,834537,31.79
361245,09:59:47,31.78,2000,2000,50000,B,830490,31.78,834537,31.79
361246,09:59:47,31.78,500,500,50000,B,832710,31.78,834537,31.79
361247,09:59:47,31.79,1700,1700,50000,B,88905,31.79,834537,31.79
361248,09:59:47,31.79,500,500,50000,B,259192,31.79,834537,31.79
361249,09:59:47,31.79,2000,2000,50000,B,296007,31.79,834537,31.79
361250,09:59:47,31.79,400,400,50000,B,648472,31.79,834537,31.79
361523,09:59:49,31.79,500,500,50000,S,835137,31.79,834537,31.79
361544,09:59:49,31.79,1000,1000,50000,S,835172,31.79,834537,31.79
361621,09:59:50,31.79,10000,10000,50000,S,835283,31.79,834537,31.79
361712,09:59:50,31.8,100,100,500,B,44789,31.8,835469,31.8
361713,09:59:50,31.8,200,200,500,B,51924,31.8,835469,31.8
361714,09:59:50,31.8,200,200,500,B,123670,31.8,835469,31.8
361771,09:59:51,31.79,3000,3000,50000,S,835594,31.79,834537,31.79
361847,09:59:51,31.79,200,200,50000,S,835784,31.79,834537,31.79
362114,09:59:53,31.8,500,500,10000,B,211682,31.8,836183,31.8
362115,09:59:53,31.8,1000,1000,10000,B,275475,31.8,836183,31.8
362116,09:59:53,31.8,500,500,10000,B,279494,31.8,836183,31.8
362117,09:59:53,31.8,1500,1500,10000,B,416325,31.8,836183,31.8
362118,09:59:53,31.8,100,100,10000,B,494636,31.8,836183,31.8
362119,09:59:53,31.8,1500,1500,10000,B,581706,31.8,836183,31.8
362120,09:59:53,31.8,2000,2000,10000,B,792092,31.8,836183,31.8
362121,09:59:53,31.8,200,200,10000,B,803185,31.8,836183,31.8
362122,09:59:53,31.8,2000,2000,10000,B,808004,31.8,836183,31.8
362123,09:59:53,31.8,500,500,10000,B,813675,31.8,836183,31.8
362124,09:59:53,31.8,200,3000,10000,B,822236,31.8,836183,31.8
362156,09:59:53,31.79,200,200,50000,S,836208,31.79,834537,31.79
362215,09:59:53,31.8,2000,3000,2000,B,822236,31.8,836338,31.8
362251,09:59:54,31.8,600,3000,600,B,822236,31.8,836430,31.8
362700,09:59:57,31.8,200,3000,500,B,822236,31.8,837286,31.8
362701,09:59:57,31.8,300,1000,500,B,830112,31.8,837286,31.8
362722,09:59:57,31.79,100,100,50000,S,837318,31.79,834537,31.79
362817,09:59:58,31.79,500,500,50000,S,837439,31.79,834537,31.79
362949,09:59:59,31.8,700,1000,1000,B,830112,31.8,837734,31.8
362950,09:59:59,31.8,300,500,1000,B,831807,31.8,837734,31.8
363015,09:59:59,31.79,20000,20000,50000,S,837891,31.79,834537,31.79
363022,09:59:59,31.79,1000,1000,50000,S,837903,31.79,834537,31.79
363179,10:00:00,31.8,200,500,300,B,831807,31.8,838078,31.8
363180,10:00:00,31.8,100,100,300,B,835333,31.8,838078,31.8
363375,10:00:01,31.79,100,100,50000,S,838319,31.79,834537,31.79
363559,10:00:01,31.8,100,1000,100,B,838030,31.8,838540,31.8
363560,10:00:01,31.79,1000,1000,50000,S,838542,31.79,834537,31.79
363718,10:00:02,31.79,200,200,50000,S,838780,31.79,834537,31.79
363732,10:00:02,31.8,400,1000,400,B,838030,31.8,838811,31.8
363826,10:00:03,31.79,100,100,50000,S,838933,31.79,834537,31.79
363851,10:00:03,31.8,100,1000,100,B,838030,31.8,838992,31.8
363969,10:00:04,31.8,400,1000,10100,B,838030,31.8,839195,31.83
363970,10:00:04,31.8,500,500,10100,B,838847,31.8,839195,31.83
363971,10:00:04,31.8,1000,1000,10100,B,839180,31.8,839195,31.83
363972,10:00:04,31.81,3500,3500,10100,B,180818,31.81,839195,31.83
363973,10:00:04,31.82,3200,3200,10100,B,838325,31.82,839195,31.83
363974,10:00:04,31.83,1000,1000,10100,B,176364,31.83,839195,31.83
363975,10:00:04,31.83,100,100,10100,B,194411,31.83,839195,31.83
363976,10:00:04,31.83,300,300,10100,B,725624,31.83,839195,31.83
363977,10:00:04,31.83,100,4000,10100,B,794461,31.83,839195,31.83
364186,10:00:05,31.79,1400,1700,50000,S,839443,31.79,834537,31.79
364329,10:00:05,31.79,200,1700,200,B,839443,31.79,839638,31.79
366593,10:00:07,31.75,1200,1200,50000,S,840107,31.75,831988,31.75
366828,10:00:08,31.79,100,1700,600,B,839443,31.79,840200,31.79
366829,10:00:08,31.79,500,2500,600,B,839687,31.79,840200,31.79
368202,10:00:08,31.75,3000,3000,50000,S,840459,31.75,831988,31.75
369891,10:00:09,31.79,400,2500,400,B,839687,31.79,840719,31.79
377883,10:00:12,31.75,10500,10500,50000,S,841520,31.75,831988,31.75
377966,10:00:12,31.75,100,100,50000,S,841552,31.75,831988,31.75
378320,10:00:12,31.78,100,100,47700,B,841342,31.78,841585,31.86
378321,10:00:12,31.79,1600,2500,47700,B,839687,31.79,841585,31.86
378322,10:00:12,31.79,200,200,47700,B,840170,31.79,841585,31.86
378323,10:00:12,31.79,2000,2000,47700,B,841020,31.79,841585,31.86
378324,10:00:12,31.79,1000,1000,47700,B,841478,31.79,841585,31.86
378325,10:00:12,31.8,500,500,47700,B,840946,31.8,841585,31.86
378326,10:00:12,31.81,500,500,47700,B,840177,31.81,841585,31.86
378327,10:00:12,31.83,3900,4000,47700,B,794461,31.83,841585,31.86
378328,10:00:12,31.84,300,300,47700,B,139291,31.84,841585,31.86
378329,10:00:12,31.84,200,200,47700,B,840431,31.84,841585,31.86
378330,10:00:12,31.84,200,200,47700,B,840695,31.84,841585,31.86
378331,10:00:12,31.85,500,500,47700,B,191240,31.85,841585,31.86
378332,10:00:12,31.85,1000,1000,47700,B,235446,31.85,841585,31.86
378333,10:00:12,31.85,3000,3000,47700,B,790472,31.85,841585,31.86
378334,10:00:12,31.85,2000,2000,47700,B,794602,31.85,841585,31.86
378335,10:00:12,31.85,3000,3000,47700,B,831985,31.85,841585,31.86
378336,10:00:12,31.85,200,200,47700,B,838821,31.85,841585,31.86
378337,10:00:12,31.85,500,500,47700,B,840604,31.85,841585,31.86
378338,10:00:12,31.86,500,500,47700,B,201708,31.86,841585,31.86
378339,10:00:12,31.86,400,400,47700,B,611887,31.86,841585,31.86
378340,10:00:12,31.86,800,800,47700,B,786956,31.86,841585,31.86
379432,10:00:13,31.86,400,400,47700,S,841622,31.86,841585,31.86
380315,10:00:13,31.86,300,300,47700,S,841676,31.86,841585,31.86
381637,10:00:13,31.86,800,800,47700,S,841750,31.86,841585,31.86
381871,10:00:13,31.86,400,400,47700,S,841767,31.86,841585,31.86
382440,10:00:13,31.86,100,100,47700,S,841786,31.86,841585,31.86
383592,10:00:13,31.86,600,600,47700,S,841874,31.86,841585,31.86
384041,10:00:14,31.86,1900,1900,47700,S,841908,31.86,841585,31.86
384045,10:00:14,31.86,500,500,47700,S,841917,31.86,841585,31.86
392709,10:00:15,31.86,3000,3000,47700,S,842436,31.86,841585,31.86
401705,10:00:18,31.86,200,200,47700,S,843270,31.86,841585,31.86
403407,10:00:19,31.86,100,100,47700,S,843449,31.86,841585,31.86
403579,10:00:19,31.86,500,500,47700,S,843599,31.86,841585,31.86
403608,10:00:19,31.86,1000,1000,47700,S,843649,31.86,841585,31.86
403638,10:00:19,31.86,1000,1000,47700,S,843669,31.86,841585,31.86
403696,10:00:19,31.88,600,2000,600,B,206352,31.88,843773,31.88
403721,10:00:20,31.86,500,500,47700,S,843798,31.86,841585,31.86
403768,10:00:20,31.88,1400,2000,15000,B,206352,31.88,843871,31.88
403769,10:00:20,31.88,1000,1000,15000,B,341347,31.88,843871,31.88
403770,10:00:20,31.88,9100,9100,15000,B,381734,31.88,843871,31.88
403771,10:00:20,31.88,100,100,15000,B,611289,31.88,843871,31.88
403772,10:00:20,31.88,200,200,15000,B,691281,31.88,843871,31.88
403773,10:00:20,31.88,1000,1000,15000,B,702675,31.88,843871,31.88
403774,10:00:20,31.88,1000,1000,15000,B,729852,31.88,843871,31.88
403775,10:00:20,31.88,100,100,15000,B,764300,31.88,843871,31.88
403776,10:00:20,31.88,1100,2400,15000,B,790293,31.88,843871,31.88
403875,10:00:20,31.86,200,200,47700,S,843927,31.86,841585,31.86
405743,10:00:21,31.88,1300,2400,2200,B,790293,31.88,844120,31.88
405744,10:00:21,31.88,900,3000,2200,B,802926,31.88,844120,31.88
407164,10:00:21,31.86,200,200,47700,S,844329,31.86,841585,31.86
409847,10:00:22,31.86,500,500,47700,S,844608,31.86,841585,31.86
411209,10:00:22,31.87,100,100,400,B,844596,31.87,844755,31.88
411210,10:00:22,31.88,300,3000,400,B,802926,31.88,844755,31.88
413852,10:00:23,31.86,1100,1100,47700,S,845088,31.86,841585,31.86
414759,10:00:24,31.88,900,3000,900,B,802926,31.88,845259,31.88
415975,10:00:25,31.86,300,300,47700,S,845552,31.86,841585,31.86
416273,10:00:25,31.88,900,3000,1000,B,802926,31.88,845587,31.88
416274,10:00:25,31.88,100,1000,1000,B,824632,31.88,845587,31.88
419686,10:00:27,31.86,5000,5000,47700,S,846284,31.86,841585,31.86
419858,10:00:27,31.86,200,200,47700,S,846327,31.86,841585,31.86
420010,10:00:27,31.86,500,500,47700,S,846351,31.86,841585,31.86
420035,10:00:27,31.86,300,300,47700,S,846361,31.86,841585,31.86
420150,10:00:27,31.86,100,100,47700,S,846537,31.86,841585,31.86
421139,10:00:28,31.88,500,1000,500,B,824632,31.88,846856,31.88
421149,10:00:28,31.86,400,400,47700,S,846880,31.86,841585,31.86
421229,10:00:28,31.88,400,1000,1300,B,824632,31.88,846989,31.88
421230,10:00:28,31.88,300,300,1300,B,831640,31.88,846989,31.88
421231,10:00:28,31.88,100,100,1300,B,844364,31.88,846989,31.88
421232,10:00:28,31.88,500,1500,1300,B,845548,31.88,846989,31.88
421692,10:00:29,31.86,2000,2000,47700,S,847269,31.86,841585,31.86
421753,10:00:29,31.86,500,500,47700,S,847375,31.86,841585,31.86
421756,10:00:29,31.86,400,400,47700,S,847378,31.86,841585,31.86
421793,10:00:30,31.88,500,1500,500,B,845548,31.88,847486,31.88
421827,10:00:30,31.88,500,1500,15000,B,845548,31.88,847587,31.88
422149,10:00:31,31.88,300,300,15000,S,848260,31.88,847587,31.88
422248,10:00:31,31.88,1000,1000,15000,S,848293,31.88,847587,31.88
422348,10:00:32,31.88,1000,1000,15000,S,848577,31.88,847587,31.88
422559,10:00:33,31.88,200,200,15000,S,849058,31.88,847587,31.88
422627,10:00:34,31.89,300,300,10000,B,37096,31.89,849188,31.9
422628,10:00:34,31.89,500,500,10000,B,264597,31.89,849188,31.9
422629,10:00:34,31.89,1000,1000,10000,B,357425,31.89,849188,31.9
422630,10:00:34,31.89,4000,4000,10000,B,804548,31.89,849188,31.9
422631,10:00:34,31.89,1000,1000,10000,B,806627,31.89,849188,31.9
422632,10:00:34,31.89,500,500,10000,B,838170,31.89,849188,31.9
422633,10:00:34,31.89,500,500,10000,B,845299,31.89,849188,31.9
422634,10:00:34,31.9,400,400,10000,B,132938,31.9,849188,31.9
422635,10:00:34,31.9,600,600,10000,B,220317,31.9,849188,31.9
422636,10:00:34,31.9,200,200,10000,B,228609,31.9,849188,31.9
422637,10:00:34,31.9,1000,2700,10000,B,419576,31.9,849188,31.9
422712,10:00:34,31.88,100,100,15000,S,849316,31.88,847587,31.88
422803,10:00:34,31.88,500,500,15000,S,849409,31.88,847587,31.88
422818,10:00:34,31.88,1000,1000,15000,S,849456,31.88,847587,31.88
422826,10:00:34,31.88,500,500,15000,S,849473,31.88,847587,31.88
423082,10:00:35,31.9,300,2700,300,B,419576,31.9,849932,31.9
424450,10:00:38,31.89,200,200,2000,S,850768,31.89,849546,31.89
424613,10:00:39,31.89,1800,2500,2000,S,851010,31.88,849546,31.89
424614,10:00:39,31.89,300,2500,300,S,851010,31.88,849763,31.89
424615,10:00:39,31.89,200,2500,200,S,851010,31.88,850226,31.89
424616,10:00:39,31.88,200,2500,15000,S,851010,31.88,847587,31.88
424730,10:00:39,31.9,1000,2700,1000,B,419576,31.9,851042,31.9
424989,10:00:40,31.9,300,2700,300,B,419576,31.9,851347,31.9
425049,10:00:40,31.88,6000,6000,15000,S,851473,31.88,847587,31.88
425217,10:00:40,31.89,100,100,1000,S,851698,31.89,851598,31.89
425255,10:00:41,31.89,900,5000,1000,S,851782,31.88,851598,31.89
425256,10:00:41,31.88,3700,5000,15000,S,851782,31.88,847587,31.88
425257,10:00:41,31.88,400,5000,400,S,851782,31.88,848002,31.88
425580,10:00:42,31.88,900,1300,900,S,852269,31.86,848611,31.88
425581,10:00:42,31.86,400,1300,47700,S,852269,31.86,841585,31.86
425894,10:00:44,31.9,100,2700,200,B,419576,31.9,852919,31.9
425895,10:00:44,31.9,100,3000,200,B,840665,31.9,852919,31.9
426167,10:00:45,31.9,2900,3000,10000,B,840665,31.9,853335,31.95
426168,10:00:45,31.9,100,100,10000,B,850348,31.9,853335,31.95
426169,10:00:45,31.9,1000,1000,10000,B,852065,31.9,853335,31.95
426170,10:00:45,31.92,100,100,10000,B,438405,31.92,853335,31.95
426171,10:00:45,31.92,600,600,10000,B,853240,31.92,853335,31.95
426172,10:00:45,31.93,400,400,10000,B,139277,31.93,853335,31.95
426173,10:00:45,31.93,100,100,10000,B,844487,31.93,853335,31.95
426174,10:00:45,31.95,1000,1000,10000,B,234259,31.95,853335,31.95
426175,10:00:45,31.95,1000,1000,10000,B,241911,31.95,853335,31.95
426176,10:00:45,31.95,500,500,10000,B,819125,31.95,853335,31.95
426177,10:00:45,31.95,500,500,10000,B,850072,31.95,853335,31.95
426477,10:00:46,31.95,1000,1000,10000,S,853719,31.95,853335,31.95
426542,10:00:46,31.95,200,200,10000,S,853806,31.95,853335,31.95
426567,10:00:46,31.95,300,300,10000,S,853851,31.95,853335,31.95
426575,10:00:46,31.95,300,500,10000,S,853864,31.89,853335,31.95
426843,10:00:47,31.89,100,500,100,B,853864,31.89,853974,31.89
427178,10:00:48,31.89,100,500,100,B,853864,31.89,854437,31.89
427345,10:00:49,31.86,1900,1900,47700,S,854745,31.86,841585,31.86
427551,10:00:50,31.8,500,2500,500,S,855084,31.8,844362,31.8
427671,10:00:50,31.8,200,2500,200,B,855084,31.8,855269,31.8
428508,10:00:53,31.8,500,2500,500,B,855084,31.8,856467,31.8
428905,10:00:55,31.77,300,300,1000,S,857037,31.77,847985,31.77
429117,10:00:55,31.77,700,1209,1000,S,857258,31.75,847985,31.77
429118,10:00:55,31.75,509,1209,50000,S,857258,31.75,831988,31.75
429495,10:00:56,31.8,300,2500,300,B,855084,31.8,857605,31.8
430062,10:00:58,31.8,100,2500,100,B,855084,31.8,858423,31.8
430577,10:00:59,31.75,2000,2000,50000,S,858797,31.75,831988,31.75
430696,10:00:59,31.8,600,2500,600,B,855084,31.8,858956,31.8
430873,10:01:00,31.75,1300,1300,50000,S,859124,31.75,831988,31.75
431249,10:01:01,31.75,800,800,50000,S,859559,31.75,831988,31.75
431540,10:01:02,31.75,2600,2600,50000,S,859866,31.75,831988,31.75
433075,10:01:06,31.8,300,2500,35000,B,855084,31.8,861831,31.9
433076,10:01:06,31.8,400,400,35000,B,856881,31.8,861831,31.9
433077,10:01:06,31.8,3000,3000,35000,B,857237,31.8,861831,31.9
433078,10:01:06,31.8,400,400,35000,B,857383,31.8,861831,31.9
433079,10:01:06,31.8,500,500,35000,B,859768,31.8,861831,31.9
433080,10:01:06,31.8,200,200,35000,B,859999,31.8,861831,31.9
433081,10:01:06,31.86,500,500,35000,B,855272,31.86,861831,31.9
433082,10:01:06,31.86,2200,2200,35000,B,856515,31.86,861831,31.9
433083,10:01:06,31.86,500,500,35000,B,856737,31.86,861831,31.9
433084,10:01:06,31.86,3200,3200,35000,B,858169,31.86,861831,31.9
433085,10:01:06,31.88,2700,2700,35000,B,854645,31.88,861831,31.9
433086,10:01:06,31.88,600,600,35000,B,855840,31.88,861831,31.9
433087,10:01:06,31.88,1200,1200,35000,B,856151,31.88,861831,31.9
433088,10:01:06,31.88,900,900,35000,B,857597,31.88,861831,31.9
433089,10:01:06,31.88,5000,5000,35000,B,861244,31.88,861831,31.9
433090,10:01:06,31.89,500,500,35000,B,853896,31.89,861831,31.9
433091,10:01:06,31.89,2000,2000,35000,B,855904,31.89,861831,31.9
433092,10:01:06,31.89,500,500,35000,B,857240,31.89,861831,31.9
433093,10:01:06,31.89,100,100,35000,B,861443,31.89,861831,31.9
433094,10:01:06,31.9,100,100,35000,B,855197,31.9,861831,31.9
433095,10:01:06,31.9,2000,2000,35000,B,856340,31.9,861831,31.9
433096,10:01:06,31.9,1000,1000,35000,B,859399,31.9,861831,31.9
433097,10:01:06,31.9,7200,10000,35000,B,859446,31.9,861831,31.9
433125,10:01:06,31.75,1700,1700,50000,S,861865,31.75,831988,31.75
433422,10:01:07,31.75,100,100,50000,S,862407,31.75,831988,31.75
433722,10:01:08,31.75,300,300,50000,S,862859,31.75,831988,31.75
433927,10:01:09,31.78,200,200,200,B,862079,31.78,863078,31.78
434108,10:01:09,31.8,200,200,800,B,862311,31.8,863143,31.8
434263,10:01:09,31.8,600,3600,800,S,863382,31.75,863143,31.8
434264,10:01:09,31.75,3000,3600,50000,S,863382,31.75,831988,31.75
434661,10:01:11,31.8,400,400,500,B,863647,31.8,863982,31.8
434691,10:01:11,31.8,100,500,500,S,864030,31.8,863982,31.8
434698,10:01:11,31.8,400,500,700,B,864030,31.8,864042,31.8
435218,10:01:12,31.8,300,700,700,S,864564,31.75,864042,31.8
435219,10:01:12,31.8,100,700,100,S,864564,31.75,864300,31.8
435220,10:01:12,31.75,300,700,50000,S,864564,31.75,831988,31.75
435340,10:01:12,31.75,1591,2800,50000,S,864718,31.75,831988,31.75
435341,10:01:12,31.75,1209,2800,1600,S,864718,31.75,861378,31.75
435459,10:01:13,31.75,391,1291,1600,S,864882,31.75,861378,31.75
437725,10:01:18,31.7,100,1600,10000,S,867477,31.7,829351,31.7
437726,10:01:18,31.7,1500,1600,3000,S,867477,31.7,833485,31.7
437974,10:01:18,31.75,100,1291,100,B,864882,31.75,867840,31.75
439173,10:01:21,31.7,1500,4500,3000,S,869211,31.69,833485,31.7
439174,10:01:21,31.7,500,4500,500,S,869211,31.69,868749,31.7
439175,10:01:21,31.69,2500,4500,27800,S,869211,31.69,825747,31.69
439193,10:01:21,31.75,800,1291,800,B,864882,31.75,869252,31.75
440001,10:01:23,31.7,100,500,100,S,870313,31.7,869846,31.7
440726,10:01:25,31.69,2000,2000,27800,S,871158,31.69,825747,31.69
441234,10:01:27,31.69,1000,1000,27800,S,871905,31.69,825747,31.69
441604,10:01:28,31.7,200,500,200,B,870313,31.7,872343,31.7
441853,10:01:29,31.7,200,500,1800,B,870313,31.7,872820,31.7
441926,10:01:29,31.7,1600,1700,1800,S,872993,31.7,872820,31.7
441981,10:01:29,31.7,100,1700,100,B,872993,31.7,873124,31.7
442731,10:01:31,31.69,100,100,200,B,873684,31.69,874296,31.69
442732,10:01:31,31.69,100,200,200,B,873993,31.69,874296,31.69
442780,10:01:31,31.68,200,1500,200,S,874351,31.4,872222,31.68
442781,10:01:31,31.45,200,1500,200,S,874351,31.4,815474,31.45
442782,10:01:31,31.4,100,1500,100,S,874351,31.4,800936,31.4
442822,10:01:32,31.4,100,1500,100,B,874351,31.4,874407,31.4
442876,10:01:32,31.4,500,1500,500,B,874351,31.4,874488,31.4
443212,10:01:33,31.4,400,1500,2700,B,874351,31.4,875101,31.6
443213,10:01:33,31.6,2300,3800,2700,B,874474,31.6,875101,31.6
443536,10:01:34,31.6,500,3800,500,B,874474,31.6,875560,31.6
443788,10:01:34,31.6,1000,3800,1000,B,874474,31.6,875829,31.6
446802,10:01:41,31.57,500,500,500,B,877140,31.57,879693,31.57
447735,10:01:43,31.5,100,100,100,S,880833,31.5,878851,31.5
448284,10:01:44,31.4,300,300,600,S,881519,31.4,878548,31.4
448796,10:01:45,31.4,300,500,600,S,882300,31.39,878548,31.4
448797,10:01:45,31.39,200,500,600,S,882300,31.39,875520,31.39
450216,10:01:49,31.42,300,900,300,S,884372,31.4,884106,31.42
450217,10:01:49,31.42,500,900,500,S,884372,31.4,884301,31.42
450218,10:01:49,31.4,100,900,1000,S,884372,31.4,882460,31.4
450607,10:01:50,31.4,400,400,1000,S,884973,31.4,882460,31.4
452360,10:01:52,31.41,1000,2000,1000,S,886431,31.4,886270,31.41
452361,10:01:52,31.4,500,2000,1000,S,886431,31.4,882460,31.4
452757,10:01:53,31.4,300,2000,300,B,886431,31.4,887148,31.4
453733,10:01:55,31.4,200,2000,300,B,886431,31.4,888707,31.4
453870,10:01:56,31.4,100,5000,300,S,888925,31.35,888707,31.4
453871,10:01:56,31.39,400,5000,600,S,888925,31.35,875520,31.39
453872,10:01:56,31.39,100,5000,100,S,888925,31.35,886279,31.39
453873,10:01:56,31.39,200,5000,200,S,888925,31.35,887708,31.39
453874,10:01:56,31.38,500,5000,500,S,888925,31.35,869286,31.38
453875,10:01:56,31.38,1000,5000,1000,S,888925,31.35,879088,31.38
453876,10:01:56,31.38,500,5000,500,S,888925,31.35,881369,31.38
453877,10:01:56,31.38,200,5000,200,S,888925,31.35,883598,31.38
453878,10:01:56,31.38,100,5000,100,S,888925,31.35,885282,31.38
453879,10:01:56,31.36,1200,5000,1200,S,888925,31.35,884201,31.36
453880,10:01:56,31.36,500,5000,500,S,888925,31.35,887822,31.36
453881,10:01:56,31.35,200,5000,6000,S,888925,31.35,772393,31.35
453911,10:01:56,31.5,500,2000,500,B,884050,31.5,889021,31.5
460926,10:02:08,31.5,300,2000,300,B,884050,31.5,897565,31.5
462007,10:02:10,31.5,400,2000,400,B,884050,31.5,898995,31.5
463919,10:02:13,31.5,800,2000,900,B,884050,31.5,900802,31.5
463920,10:02:13,31.5,100,100,900,B,884351,31.5,900802,31.5
465077,10:02:14,31.45,300,300,500,S,902098,31.45,901360,31.45
465220,10:02:15,31.5,100,100,300,B,899603,31.5,902279,31.5
465221,10:02:15,31.5,200,1200,300,B,901813,31.5,902279,31.5
466488,10:02:17,31.5,1000,1200,4300,B,901813,31.5,904084,31.69
466489,10:02:17,31.55,200,200,4300,B,884298,31.55,904084,31.69
466490,10:02:17,31.6,1000,1000,4300,B,895554,31.6,904084,31.69
466491,10:02:17,31.69,100,200,4300,B,873993,31.69,904084,31.69
466492,10:02:17,31.69,100,100,4300,B,877466,31.69,904084,31.69
466493,10:02:17,31.69,600,600,4300,B,890322,31.69,904084,31.69
466494,10:02:17,31.69,1300,1400,4300,B,892500,31.69,904084,31.69
469484,10:02:22,31.5,1300,1300,2000,S,908042,31.5,905906,31.5
471722,10:02:26,31.51,300,300,300,B,909411,31.51,910974,31.51
472203,10:02:27,31.5,700,900,2000,S,911546,31.5,905906,31.5
472204,10:02:27,31.5,200,900,200,S,911546,31.5,906763,31.5
474607,10:02:29,31.54,100,2000,100,B,912638,31.54,913861,31.54
477233,10:02:33,31.54,1000,2000,1000,B,912638,31.54,916835,31.54
481775,10:02:38,31.54,900,2000,1000,B,912638,31.54,921213,31.69
481776,10:02:38,31.69,100,1400,1000,B,892500,31.69,921213,31.69
484485,10:02:43,31.55,200,1000,200,S,924738,31.51,923653,31.55
484486,10:02:43,31.54,300,1000,300,S,924738,31.51,921346,31.54
484487,10:02:43,31.53,300,1000,300,S,924738,31.51,918058,31.53
484488,10:02:43,31.51,200,1000,500,S,924738,31.51,914722,31.51
487419,10:02:48,31.55,1000,1500,1000,S,928807,31.51,927023,31.55
487420,10:02:48,31.54,200,1500,200,S,928807,31.51,926551,31.54
487421,10:02:48,31.51,300,1500,500,S,928807,31.51,914722,31.51
490467,10:02:52,31.54,300,400,300,B,929787,31.54,932092,31.54
492401,10:02:54,31.54,100,400,500,B,929787,31.54,933768,31.55
494011,10:02:57,31.55,400,1300,500,S,935976,31.52,933768,31.55
494012,10:02:57,31.52,900,1300,900,S,935976,31.52,933017,31.52
494368,10:02:58,31.6,900,2500,900,B,933019,31.6,936467,31.6
501138,10:03:08,31.6,200,2500,200,B,933019,31.6,945102,31.6
502102,10:03:10,31.6,1400,2500,1500,B,933019,31.6,946272,31.66
502103,10:03:10,31.66,100,100,1500,B,940442,31.66,946272,31.66
502632,10:03:11,31.54,600,1300,600,S,946892,31.54,935992,31.54
502633,10:03:11,31.54,700,1300,700,S,946892,31.54,937219,31.54
508699,10:03:22,31.61,700,2300,700,S,955652,31.6,951589,31.61
508700,10:03:22,31.61,300,2300,300,S,955652,31.6,954666,31.61
510733,10:03:25,31.6,1300,2300,4000,B,955652,31.6,958241,31.65
510734,10:03:25,31.65,2700,7000,4000,B,957698,31.65,958241,31.65
515417,10:03:33,31.56,1000,1000,1000,S,964352,31.56,961042,31.56
517319,10:03:37,31.6,200,2000,200,S,967038,31.55,965521,31.6
517320,10:03:37,31.55,500,2000,500,S,967038,31.55,947986,31.55
517321,10:03:37,31.55,1300,2000,3100,S,967038,31.55,958149,31.55
519272,10:03:40,31.65,500,7000,500,B,957698,31.65,969088,31.65
520019,10:03:41,31.55,1000,1000,3100,S,970198,31.55,958149,31.55
522781,10:03:46,31.56,400,400,1400,S,973690,31.56,972217,31.56
525313,10:03:51,31.61,2000,2000,2000,B,975839,31.61,977141,31.61
526115,10:03:52,31.56,500,500,1400,S,977992,31.56,972217,31.56
527289,10:03:55,31.63,300,300,800,B,971699,31.63,979700,31.63
528897,10:03:58,31.63,500,700,800,S,982019,31.6,979700,31.63
530669,10:04:02,31.6,200,700,1000,B,982019,31.6,984390,31.65
530670,10:04:02,31.65,800,7000,1000,B,957698,31.65,984390,31.65
532387,10:04:05,31.65,300,7000,300,B,957698,31.65,986367,31.65
532767,10:04:06,31.65,1500,7000,1500,B,957698,31.65,987000,31.65
533773,10:04:08,31.63,200,200,2500,S,988993,31.63,984427,31.63
535006,10:04:12,31.63,1500,1500,2500,S,991746,31.63,984427,31.63
535417,10:04:13,31.64,100,100,4000,B,990351,31.64,992547,31.65
535418,10:04:13,31.65,1200,7000,4000,B,957698,31.65,992547,31.65
535419,10:04:13,31.65,100,100,4000,B,958017,31.65,992547,31.65
535420,10:04:13,31.65,600,600,4000,B,960332,31.65,992547,31.65
535421,10:04:13,31.65,800,800,4000,B,967999,31.65,992547,31.65
535422,10:04:13,31.65,500,500,4000,B,968310,31.65,992547,31.65
535423,10:04:13,31.65,700,700,4000,B,968986,31.65,992547,31.65
536082,10:04:15,31.63,800,6100,2500,S,993664,31.61,984427,31.63
536083,10:04:15,31.63,100,6100,100,S,993664,31.61,984901,31.63
536084,10:04:15,31.62,200,6100,200,S,993664,31.61,990986,31.62
536195,10:04:15,31.61,1100,6100,1100,B,993664,31.61,994004,31.61
536284,10:04:16,31.6,100,1400,100,S,994187,31.56,988571,31.6
536285,10:04:16,31.56,500,1400,1400,S,994187,31.56,972217,31.56
536286,10:04:16,31.56,800,1400,1500,S,994187,31.56,977716,31.56
538149,10:04:23,31.61,3000,6100,3000,B,993664,31.61,998216,31.61
538354,10:04:24,31.61,300,6100,300,B,993664,31.61,998810,31.61
539178,10:04:27,31.61,300,6100,300,B,993664,31.61,1000588,31.61
539301,10:04:27,31.61,100,6100,100,B,993664,31.61,1000721,31.61
539343,10:04:27,31.56,700,1200,1500,S,1000819,31.56,977716,31.56
539344,10:04:27,31.56,300,1200,300,S,1000819,31.56,978323,31.56
539345,10:04:27,31.56,200,1200,300,S,1000819,31.56,987604,31.56
540041,10:04:30,31.6,200,200,600,B,1001896,31.6,1002256,31.61
540042,10:04:30,31.61,200,6100,600,B,993664,31.61,1002256,31.61
540227,10:04:31,31.61,200,2100,600,S,1002597,31.53,1002256,31.61
540228,10:04:31,31.61,100,2100,100,S,1002597,31.53,1002591,31.61
540229,10:04:31,31.56,100,2100,300,S,1002597,31.53,987604,31.56
540230,10:04:31,31.55,800,2100,3100,S,1002597,31.53,958149,31.55
540231,10:04:31,31.55,100,2100,100,S,1002597,31.53,993553,31.55
540232,10:04:31,31.54,200,2100,200,S,1002597,31.53,950887,31.54
540233,10:04:31,31.53,400,2100,400,S,1002597,31.53,936720,31.53
540234,10:04:31,31.53,100,2100,100,S,1002597,31.53,949779,31.53
540235,10:04:31,31.53,100,2100,400,S,1002597,31.53,956384,31.53
542501,10:04:37,31.53,300,600,400,S,1005664,31.53,956384,31.53
542502,10:04:37,31.53,300,600,500,S,1005664,31.53,960346,31.53
544190,10:04:44,31.55,200,200,800,S,1009009,31.55,1006351,31.55
544898,10:04:46,31.55,300,300,800,S,1010120,31.55,1006351,31.55
545347,10:04:48,31.55,300,3100,800,S,1010948,31.53,1006351,31.55
545348,10:04:48,31.54,2000,3100,2000,S,1010948,31.53,1009735,31.54
545349,10:04:48,31.53,200,3100,500,S,1010948,31.53,960346,31.53
545350,10:04:48,31.53,600,3100,1400,S,1010948,31.53,964615,31.53
546828,10:04:53,31.61,500,500,1300,B,1009347,31.61,1013290,31.61
547167,10:04:54,31.61,800,5000,1300,S,1013775,31.6,1013290,31.61
547367,10:04:55,31.56,1000,2100,1000,S,1014237,31.53,1011251,31.56
547368,10:04:55,31.54,600,2100,600,S,1014237,31.53,1013417,31.54
547369,10:04:55,31.53,500,2100,1400,S,1014237,31.53,964615,31.53
547951,10:04:58,31.6,200,5000,200,B,1013775,31.6,1015419,31.6
549623,10:05:03,31.53,300,1600,1400,S,1017819,31.53,964615,31.53
549624,10:05:03,31.53,300,1600,300,S,1017819,31.53,978169,31.53
549625,10:05:03,31.53,500,1600,500,S,1017819,31.53,1006316,31.53
549626,10:05:03,31.53,500,1600,1200,S,1017819,31.53,1010607,31.53
550441,10:05:05,31.53,700,5000,1200,S,1018985,31.53,1010607,31.53
550442,10:05:05,31.53,500,5000,500,S,1018985,31.53,1017394,31.53
551175,10:05:06,31.53,200,5000,200,B,1018985,31.53,1019328,31.53
551332,10:05:07,31.53,1000,5000,1000,B,1018985,31.53,1019688,31.53
551483,10:05:08,31.53,100,5000,100,B,1018985,31.53,1019958,31.53
552325,10:05:11,31.53,1000,5000,1000,B,1018985,31.53,1021299,31.53
552527,10:05:11,31.53,200,5000,200,B,1018985,31.53,1021377,31.53
552979,10:05:12,31.53,100,5000,100,B,1018985,31.53,1021946,31.53
553000,10:05:12,31.51,400,1900,400,S,1021961,31.48,934189,31.51
553001,10:05:12,31.5,300,1900,300,S,1021961,31.48,911332,31.5
553002,10:05:12,31.5,100,1900,100,S,1021961,31.48,1006008,31.5
553003,10:05:12,31.48,200,1900,200,S,1021961,31.48,928571,31.48
553004,10:05:12,31.48,900,1900,1000,S,1021961,31.48,974003,31.48
553085,10:05:13,31.53,1200,5000,2000,B,1018985,31.53,1022116,31.53
553086,10:05:13,31.53,500,500,2000,B,1019069,31.53,1022116,31.53
553330,10:05:14,31.56,900,900,1500,B,1017463,31.56,1022564,31.56
553331,10:05:14,31.56,600,900,1500,B,1020381,31.56,1022564,31.56
555712,10:05:20,31.55,100,600,100,B,1024563,31.55,1025260,31.55
557812,10:05:23,31.53,100,100,2000,S,1026753,31.53,1022116,31.53
558035,10:05:23,31.53,200,3600,2000,S,1026859,31.42,1022116,31.53
558036,10:05:23,31.53,800,3600,800,S,1026859,31.42,1024598,31.53
558037,10:05:23,31.48,100,3600,1000,S,1026859,31.42,974003,31.48
558038,10:05:23,31.45,200,3600,500,S,1026859,31.42,901360,31.45
558039,10:05:23,31.45,500,3600,500,S,1026859,31.42,908530,31.45
558040,10:05:23,31.43,500,3600,500,S,1026859,31.42,905215,31.43
558041,10:05:23,31.43,500,3600,500,S,1026859,31.42,924024,31.43
558042,10:05:23,31.43,500,3600,500,S,1026859,31.42,933286,31.43
558043,10:05:23,31.42,300,3600,400,S,1026859,31.42,903267,31.42
558419,10:05:24,31.55,100,600,100,B,1024563,31.55,1027096,31.55
559749,10:05:25,31.45,100,300,100,B,1027111,31.45,1027876,31.45
561837,10:05:30,31.45,200,300,200,B,1027111,31.45,1030259,31.45
562236,10:05:32,31.55,400,600,800,B,1024563,31.55,1031047,31.56
562237,10:05:32,31.56,300,900,800,B,1020381,31.56,1031047,31.56
562238,10:05:32,31.56,100,300,800,B,1020964,31.56,1031047,31.56
569043,10:05:51,31.46,600,1300,600,S,1040089,31.45,1039740,31.46
569044,10:05:51,31.45,700,1300,5000,S,1040089,31.45,1033930,31.45
570908,10:05:57,31.46,500,3000,500,S,1043148,31.45,1041059,31.46
570909,10:05:57,31.46,500,3000,500,S,1043148,31.45,1043001,31.46
570910,10:05:57,31.45,2000,3000,5000,S,1043148,31.45,1033930,31.45
572516,10:06:03,31.51,500,500,1500,B,1045740,31.51,1046276,31.55
572517,10:06:03,31.53,300,300,1500,B,1037444,31.53,1046276,31.55
572518,10:06:03,31.54,500,500,1500,B,1037509,31.54,1046276,31.55
572519,10:06:03,31.55,200,1000,1500,B,1041605,31.55,1046276,31.55
575749,10:06:14,31.55,100,1000,100,B,1041605,31.55,1051801,31.55
576204,10:06:15,31.55,200,1000,200,B,1041605,31.55,1052650,31.55
576254,10:06:15,31.46,2000,2000,6600,S,1052753,31.46,1044602,31.46
578060,10:06:21,31.53,300,300,600,B,1054821,31.53,1056347,31.55
578061,10:06:21,31.55,300,1000,600,B,1041605,31.55,1056347,31.55
578714,10:06:24,31.5,400,400,400,S,1057949,31.5,1057390,31.5
579570,10:06:27,31.47,600,3100,600,S,1059477,31.46,1053735,31.47
579571,10:06:27,31.47,500,3100,500,S,1059477,31.46,1053975,31.47
579572,10:06:27,31.47,700,3100,700,S,1059477,31.46,1054398,31.47
579573,10:06:27,31.46,1300,3100,6600,S,1059477,31.46,1044602,31.46
581902,10:06:32,31.48,300,300,500,S,1062412,31.48,1060399,31.48
583893,10:06:37,31.55,200,1000,1000,B,1041605,31.55,1064818,31.55
583894,10:06:37,31.55,300,300,1000,B,1057504,31.55,1064818,31.55
584038,10:06:37,31.55,100,100,1000,S,1065058,31.55,1064818,31.55
584674,10:06:38,31.55,400,500,1000,S,1065746,31.55,1064818,31.55
584809,10:06:39,31.55,100,500,1500,B,1065746,31.55,1065947,31.56
584810,10:06:39,31.56,200,300,1500,B,1020964,31.56,1065947,31.56
584811,10:06:39,31.56,1000,1000,1500,B,1035958,31.56,1065947,31.56
584812,10:06:39,31.56,200,300,1500,B,1042716,31.56,1065947,31.56
585957,10:06:42,31.5,100,1300,100,S,1067462,31.48,1067161,31.5
585958,10:06:42,31.49,500,1300,500,S,1067462,31.48,1065722,31.49
585959,10:06:42,31.48,200,1300,500,S,1067462,31.48,1060399,31.48
585960,10:06:42,31.48,500,1300,500,S,1067462,31.48,1065890,31.48
588172,10:06:46,31.47,1000,1100,1000,S,1069944,31.46,1067407,31.47
588173,10:06:46,31.46,100,1100,6600,S,1069944,31.46,1044602,31.46
588644,10:06:48,31.56,100,300,100,B,1042716,31.56,1070680,31.56
589879,10:06:51,31.47,500,3400,500,S,1072175,31.46,1069991,31.47
589880,10:06:51,31.47,500,3400,500,S,1072175,31.46,1071857,31.47
589881,10:06:51,31.46,2400,3400,6600,S,1072175,31.46,1044602,31.46
591885,10:06:53,31.56,100,100,100,B,1046331,31.56,1073717,31.56
594516,10:06:58,31.49,400,10000,400,S,1076289,31.48,1075351,31.49
594517,10:06:58,31.48,100,10000,100,S,1076289,31.48,1075038,31.48
596795,10:07:04,31.46,800,900,6600,S,1080055,31.46,1044602,31.46
596796,10:07:04,31.46,100,900,200,S,1080055,31.46,1065927,31.46
597728,10:07:08,31.46,100,2300,200,S,1082156,31.45,1065927,31.46
597729,10:07:08,31.45,2200,2300,5000,S,1082156,31.45,1033930,31.45
598074,10:07:09,31.48,9500,10000,9800,B,1076289,31.48,1082677,31.48
598493,10:07:10,31.54,100,100,1500,B,1074908,31.54,1083226,31.57
598494,10:07:10,31.55,1200,1200,1500,B,1077670,31.55,1083226,31.57
598495,10:07:10,31.57,200,200,1500,B,1068822,31.57,1083226,31.57
599422,10:07:13,31.48,300,1600,9800,S,1085104,31.48,1082677,31.48
599423,10:07:13,31.48,400,1600,400,S,1085104,31.48,1084346,31.48
599424,10:07:13,31.48,900,1600,900,S,1085104,31.48,1084927,31.48
600408,10:07:17,31.45,100,2100,5000,S,1086676,31.45,1033930,31.45
600409,10:07:17,31.45,100,2100,100,S,1086676,31.45,1051625,31.45
600410,10:07:17,31.45,1900,2100,2000,S,1086676,31.45,1064340,31.45
601589,10:07:21,31.48,400,400,3000,S,1088505,31.48,1088226,31.48
603114,10:07:25,31.48,600,600,3000,S,1090329,31.48,1088226,31.48
606845,10:07:33,31.55,500,809,500,B,1093162,31.55,1093977,31.55
610389,10:07:45,31.55,200,809,200,B,1093162,31.55,1099140,31.55
616633,10:08:05,31.55,109,809,1500,B,1093162,31.55,1107859,31.57
616634,10:08:05,31.55,800,800,1500,B,1105392,31.55,1107859,31.57
616635,10:08:05,31.55,500,500,1500,B,1107263,31.55,1107859,31.57
616636,10:08:05,31.57,91,900,1500,B,1095714,31.57,1107859,31.57
619247,10:08:14,31.55,400,2100,400,S,1111815,31.48,1111078,31.55
619248,10:08:14,31.49,600,2100,600,S,1111815,31.48,1110451,31.49
619249,10:08:14,31.48,1100,2100,3000,S,1111815,31.48,1088226,31.48
624797,10:08:33,31.49,1100,1100,2300,S,1120176,31.49,1114933,31.49
628387,10:08:45,31.53,200,200,200,B,1117500,31.53,1125737,31.53
630389,10:08:53,31.53,300,300,1600,S,1128938,31.53,1126557,31.53
630620,10:08:54,31.53,100,100,1600,S,1129362,31.53,1126557,31.53
631000,10:08:55,31.53,200,200,1600,S,1130008,31.53,1126557,31.53
631995,10:08:59,31.56,1200,1200,9200,B,1118944,31.56,1131545,31.59
631996,10:08:59,31.56,700,700,9200,B,1120744,31.56,1131545,31.59
631997,10:08:59,31.57,809,900,9200,B,1095714,31.57,1131545,31.59
631998,10:08:59,31.58,1000,1000,9200,B,1089748,31.58,1131545,31.59
631999,10:08:59,31.58,1100,1100,9200,B,1092830,31.58,1131545,31.59
632000,10:08:59,31.59,1800,1800,9200,B,1035514,31.59,1131545,31.59
634823,10:09:08,31.59,800,800,9200,S,1135384,31.59,1131545,31.59
635994,10:09:12,31.59,1600,1600,9200,S,1137013,31.59,1131545,31.59
636207,10:09:13,31.59,191,400,9200,S,1137211,31.53,1131545,31.59
636208,10:09:13,31.53,209,400,1600,S,1137211,31.53,1126557,31.53
637245,10:09:16,31.59,400,400,1500,B,1137672,31.59,1138801,31.6
637246,10:09:16,31.6,1100,5000,1500,B,1013775,31.6,1138801,31.6
637293,10:09:16,31.6,100,5000,100,B,1013775,31.6,1138887,31.6
638521,10:09:20,31.6,2700,5000,2700,B,1013775,31.6,1140438,31.6
638662,10:09:21,31.6,100,5000,100,B,1013775,31.6,1140690,31.6
639216,10:09:23,31.53,791,2000,1600,S,1141541,31.49,1126557,31.53
639217,10:09:23,31.53,100,2000,100,S,1141541,31.49,1127600,31.53
639218,10:09:23,31.53,400,2000,400,S,1141541,31.49,1134044,31.53
639219,10:09:23,31.51,500,2000,500,S,1141541,31.49,1141037,31.51
639220,10:09:23,31.49,209,2000,2300,S,1141541,31.49,1114933,31.49
640117,10:09:26,31.53,400,800,400,S,1142945,31.53,1142118,31.53
640620,10:09:28,31.53,100,800,100,B,1142945,31.53,1143652,31.53
643873,10:09:40,31.53,100,800,100,B,1142945,31.53,1148570,31.53
643942,10:09:40,31.5,600,800,600,S,1148625,31.49,1148121,31.5
643943,10:09:40,31.49,200,800,2300,S,1148625,31.49,1114933,31.49
647528,10:09:54,31.53,200,800,300,B,1142945,31.53,1154234,31.57
647529,10:09:54,31.57,100,100,300,B,1152668,31.57,1154234,31.57
649778,10:10:02,31.5,100,900,100,S,1157595,31.49,1156817,31.5
649779,10:10:02,31.49,791,900,2300,S,1157595,31.49,1114933,31.49
649780,10:10:02,31.49,9,900,300,S,1157595,31.49,1147432,31.49
651637,10:10:08,31.53,800,1200,800,S,1159912,31.49,1157894,31.53
651638,10:10:08,31.53,300,1200,300,S,1159912,31.49,1158313,31.53
651639,10:10:08,31.49,100,1200,300,S,1159912,31.49,1147432,31.49
655113,10:10:20,31.5,600,800,600,S,1164628,31.49,1160564,31.5
655114,10:10:20,31.49,191,800,300,S,1164628,31.49,1147432,31.49
655115,10:10:20,31.49,9,800,1000,S,1164628,31.49,1160926,31.49
655136,10:10:20,31.53,1500,1900,1500,B,1162240,31.53,1164672,31.53
659580,10:10:34,31.53,400,1900,400,B,1162240,31.53,1170342,31.53
664668,10:10:51,31.5,3000,3000,6000,S,1178123,31.5,1170027,31.5
665793,10:10:54,31.5,2600,2600,6000,S,1179376,31.5,1170027,31.5
666076,10:10:56,31.5,200,200,6000,S,1179913,31.5,1170027,31.5
667316,10:11:03,31.51,100,1000,100,B,1176508,31.51,1182962,31.51
668088,10:11:07,31.51,900,1000,1500,B,1176508,31.51,1184380,31.56
668089,10:11:07,31.56,500,500,1500,B,1165327,31.56,1184380,31.56
668090,10:11:07,31.56,100,100,1500,B,1168620,31.56,1184380,31.56
668108,10:11:08,31.5,200,600,6000,S,1184438,31.5,1170027,31.5
668109,10:11:08,31.5,400,600,400,S,1184438,31.5,1176853,31.5
668362,10:11:09,31.5,500,500,1300,S,1184997,31.5,1182693,31.5
668711,10:11:11,31.5,800,3100,1300,S,1185704,31.49,1182693,31.5
668712,10:11:11,31.49,991,3100,1000,S,1185704,31.49,1160926,31.49
668713,10:11:11,31.49,700,3100,700,S,1185704,31.49,1161450,31.49
668714,10:11:11,31.49,609,3100,3500,S,1185704,31.49,1170228,31.49
669051,10:11:13,31.51,500,1000,500,S,1186527,31.5,1185993,31.51
669238,10:11:15,31.5,500,1000,2000,B,1186527,31.5,1186973,31.5
669792,10:11:18,31.5,1500,1500,2000,S,1188156,31.5,1186973,31.5
670363,10:11:21,31.49,2891,3500,3500,S,1189378,31.48,1170228,31.49
670364,10:11:21,31.48,609,3500,3000,S,1189378,31.48,1088226,31.48
671469,10:11:28,31.48,291,15591,3000,S,1191657,31.39,1088226,31.48
671470,10:11:28,31.48,1300,15591,1300,S,1191657,31.39,1102341,31.48
671471,10:11:28,31.46,1400,15591,1400,S,1191657,31.39,1091866,31.46
671472,10:11:28,31.46,1000,15591,1000,S,1191657,31.39,1174166,31.46
671473,10:11:28,31.45,100,15591,2000,S,1191657,31.39,1064340,31.45
671474,10:11:28,31.45,500,15591,500,S,1191657,31.39,1087121,31.45
671475,10:11:28,31.45,200,15591,200,S,1191657,31.39,1128029,31.45
671476,10:11:28,31.45,500,15591,500,S,1191657,31.39,1188492,31.45
671477,10:11:28,31.45,800,15591,800,S,1191657,31.39,1191209,31.45
671478,10:11:28,31.43,400,15591,400,S,1191657,31.39,1047574,31.43
671479,10:11:28,31.42,100,15591,400,S,1191657,31.39,903267,31.42
671480,10:11:28,31.42,100,15591,100,S,1191657,31.39,1108956,31.42
671481,10:11:28,31.41,400,15591,400,S,1191657,31.39,895471,31.41
671482,10:11:28,31.41,1500,15591,1500,S,1191657,31.39,1096549,31.41
671483,10:11:28,31.4,100,15591,100,S,1191657,31.39,895359,31.4
671484,10:11:28,31.4,500,15591,500,S,1191657,31.39,896928,31.4
671485,10:11:28,31.4,500,15591,500,S,1191657,31.39,954111,31.4
671486,10:11:28,31.39,900,15591,900,S,1191657,31.39,890769,31.39
671487,10:11:28,31.39,200,15591,200,S,1191657,31.39,903680,31.39
671488,10:11:28,31.39,2300,15591,2300,S,1191657,31.39,970566,31.39
672183,10:11:32,31.39,700,15591,700,B,1191657,31.39,1193004,31.39
673761,10:11:41,31.39,100,15591,100,B,1191657,31.39,1196150,31.39
673815,10:11:41,31.39,1700,15591,1700,B,1191657,31.39,1196219,31.39
673938,10:11:42,31.36,200,2500,200,S,1196447,31.36,898748,31.36
673939,10:11:42,31.36,300,2500,300,S,1196447,31.36,899199,31.36
673940,10:11:42,31.36,1000,2500,1000,S,1196447,31.36,899634,31.36
673941,10:11:42,31.36,500,2500,500,S,1196447,31.36,900129,31.36
673942,10:11:42,31.36,400,2500,400,S,1196447,31.36,919947,31.36
673943,10:11:42,31.36,100,2500,2500,S,1196447,31.36,966197,31.36
674031,10:11:43,31.36,2400,3000,2500,S,1196587,31.36,966197,31.36
674329,10:11:45,31.36,100,3000,100,B,1196587,31.36,1197372,31.36
675937,10:11:55,31.36,100,3000,100,B,1196587,31.36,1200594,31.36
676093,10:11:56,31.36,300,3000,300,B,1196587,31.36,1201071,31.36
676113,10:11:57,31.35,100,100,200,S,1201122,31.35,815762,31.35
676642,10:12:00,31.36,100,3000,300,B,1196587,31.36,1202330,31.36
676645,10:12:01,31.36,200,1400,300,S,1202336,31.35,1202330,31.36
676646,10:12:01,31.35,100,1400,200,S,1202336,31.35,815762,31.35
676647,10:12:01,31.35,200,1400,200,S,1202336,31.35,1113697,31.35
676656,10:12:01,31.35,400,1400,400,B,1202336,31.35,1202369,31.35
677077,10:12:03,31.35,100,1400,100,B,1202336,31.35,1203183,31.35
678547,10:12:13,31.35,400,1400,1500,B,1202336,31.35,1206368,31.35
678548,10:12:13,31.35,400,400,1500,B,1203073,31.35,1206368,31.35
678737,10:12:15,31.35,100,100,1500,S,1206918,31.35,1206368,31.35
679670,10:12:21,31.35,600,3000,1500,S,1208540,31.34,1206368,31.35
679671,10:12:21,31.34,2400,3000,2400,S,1208540,31.34,1205240,31.34
680810,10:12:29,31.5,100,100,200,B,1188903,31.5,1210870,31.5
680811,10:12:29,31.5,100,1000,200,B,1192522,31.5,1210870,31.5
681947,10:12:36,31.49,200,1700,200,B,1210887,31.49,1213117,31.49
682230,10:12:37,31.49,1500,1700,3300,B,1210887,31.49,1213515,31.5
682231,10:12:37,31.5,900,1000,3300,B,1192522,31.5,1213515,31.5
682496,10:12:39,31.5,300,300,3300,S,1213857,31.5,1213515,31.5
682664,10:12:39,31.5,600,1300,3300,S,1214122,31.35,1213515,31.5
682665,10:12:39,31.35,200,1300,200,S,1214122,31.35,1209677,31.35
682666,10:12:39,31.35,400,1300,400,S,1214122,31.35,1209829,31.35
682667,10:12:39,31.35,100,1300,1000,S,1214122,31.35,1209955,31.35
684375,10:12:50,31.49,900,900,1000,B,1216070,31.49,1217088,31.5
684730,10:12:51,31.54,500,500,500,B,1216970,31.54,1217561,31.54
684741,10:12:52,31.5,100,800,1000,S,1217600,31.48,1217088,31.5
685010,10:12:53,31.48,700,800,1100,B,1217600,31.48,1218064,31.55
685011,10:12:53,31.55,400,3000,1100,B,1187755,31.55,1218064,31.55
687608,10:13:09,31.48,1000,1000,1500,B,1221399,31.48,1222676,31.53
687609,10:13:09,31.53,500,900,1500,B,1219107,31.53,1222676,31.53
689929,10:13:24,31.39,400,400,500,S,1227107,31.39,1226804,31.39
692320,10:13:37,31.49,100,500,100,B,1223525,31.49,1230664,31.49
693805,10:13:46,31.49,200,500,200,B,1223525,31.49,1233323,31.49
695218,10:13:55,31.49,200,500,500,B,1223525,31.49,1236015,31.49
695219,10:13:55,31.49,200,200,500,B,1233220,31.49,1236015,31.49
697298,10:14:10,31.49,100,1600,500,S,1240235,31.39,1236015,31.49
697299,10:14:10,31.39,100,1600,500,S,1240235,31.39,1226804,31.39
697300,10:14:10,31.39,1400,1600,2000,S,1240235,31.39,1235856,31.39
697867,10:14:14,31.39,600,800,2000,S,1241310,31.39,1235856,31.39
697868,10:14:14,31.39,100,800,100,S,1241310,31.39,1238015,31.39
697869,10:14:14,31.39,100,800,10000,S,1241310,31.39,1241014,31.39
698011,10:14:15,31.49,100,100,1500,B,1241311,31.49,1241565,31.5
698012,10:14:15,31.5,500,500,1500,B,1229666,31.5,1241565,31.5
698013,10:14:15,31.5,600,600,1500,B,1234637,31.5,1241565,31.5
700396,10:14:30,31.52,200,500,200,B,1222702,31.52,1245674,31.52
700540,10:14:32,31.5,300,4500,1500,S,1245990,31.4,1241565,31.5
700541,10:14:32,31.4,200,4500,200,S,1245990,31.4,1241890,31.4
700542,10:14:32,31.4,200,4500,200,S,1245990,31.4,1243714,31.4
700543,10:14:32,31.4,3800,4500,4000,S,1245990,31.4,1244293,31.4
700958,10:14:35,31.4,200,3600,4000,S,1246807,31.39,1244293,31.4
700959,10:14:35,31.39,3400,3600,10000,S,1246807,31.39,1241014,31.39
701665,10:14:41,31.5,2000,5600,2000,B,1246919,31.5,1248463,31.5
701998,10:14:44,31.39,3300,3300,10000,S,1249115,31.39,1241014,31.39
702566,10:14:48,31.39,3200,6500,10000,S,1250273,31.37,1241014,31.39
702567,10:14:48,31.38,500,6500,500,S,1250273,31.37,1220450,31.38
702568,10:14:48,31.38,100,6500,100,S,1250273,31.37,1231068,31.38
702569,10:14:48,31.38,500,6500,500,S,1250273,31.37,1231594,31.38
702570,10:14:48,31.38,300,6500,300,S,1250273,31.37,1241049,31.38
702571,10:14:48,31.37,1000,6500,1000,S,1250273,31.37,1227056,31.37
702572,10:14:48,31.37,100,6500,100,S,1250273,31.37,1229927,31.37
702573,10:14:48,31.37,400,6500,400,S,1250273,31.37,1232407,31.37
702574,10:14:48,31.37,400,6500,1500,S,1250273,31.37,1241930,31.37
703270,10:14:53,31.5,3600,5600,4000,B,1246919,31.5,1251590,31.5
703271,10:14:53,31.5,400,500,4000,B,1247142,31.5,1251590,31.5
703659,10:14:57,31.45,300,3400,300,S,1252529,31.37,1252290,31.45
703660,10:14:57,31.41,600,3400,600,S,1252529,31.37,1250604,31.41
703661,10:14:57,31.4,1600,3400,1600,S,1252529,31.37,1252329,31.4
703662,10:14:57,31.37,900,3400,1500,S,1252529,31.37,1241930,31.37
704621,10:15:04,31.49,400,400,3500,B,1253643,31.49,1254513,31.5
704622,10:15:04,31.5,100,500,3500,B,1247142,31.5,1254513,31.5
704623,10:15:04,31.5,500,500,3500,B,1247603,31.5,1254513,31.5
704624,10:15:04,31.5,2500,2900,3500,B,1251274,31.5,1254513,31.5
705124,10:15:08,31.37,200,1300,1500,S,1255434,31.37,1241930,31.37
705125,10:15:08,31.37,1100,1300,1500,S,1255434,31.37,1253947,31.37
706076,10:15:17,31.5,400,2900,1500,B,1251274,31.5,1257479,31.5
706077,10:15:17,31.5,100,100,1500,B,1253976,31.5,1257479,31.5
706218,10:15:18,31.5,400,400,1500,S,1257821,31.5,1257479,31.5
706328,10:15:19,31.5,600,1000,1500,S,1257975,31.38,1257479,31.5
706329,10:15:19,31.38,400,1000,1000,S,1257975,31.38,1256494,31.38
706332,10:15:19,31.38,600,3300,1000,S,1257981,31.36,1256494,31.38
706333,10:15:19,31.37,400,3300,1500,S,1257981,31.36,1253947,31.37
706334,10:15:19,31.37,200,3300,200,S,1257981,31.36,1255565,31.37
706335,10:15:19,31.37,1000,3300,1000,S,1257981,31.36,1255799,31.37
706336,10:15:19,31.37,400,3300,400,S,1257981,31.36,1255970,31.37
706337,10:15:19,31.37,300,3300,300,S,1257981,31.36,1256861,31.37
706338,10:15:19,31.36,400,3300,500,S,1257981,31.36,1214990,31.36
708186,10:15:33,31.5,500,800,500,S,1261512,31.49,1260009,31.5
710265,10:15:51,31.42,1000,2200,1000,S,1265760,31.41,1264351,31.42
710266,10:15:51,31.41,500,2200,500,S,1265760,31.41,1262458,31.41
710577,10:15:54,31.41,700,2200,4000,B,1265760,31.41,1266532,31.54
710578,10:15:54,31.48,900,900,4000,B,1264200,31.48,1266532,31.54
710579,10:15:54,31.49,300,800,4000,B,1261512,31.49,1266532,31.54
710580,10:15:54,31.5,300,300,4000,B,1262330,31.5,1266532,31.54
710581,10:15:54,31.5,300,300,4000,B,1265265,31.5,1266532,31.54
710582,10:15:54,31.52,300,500,4000,B,1222702,31.52,1266532,31.54
710583,10:15:54,31.52,100,100,4000,B,1252637,31.52,1266532,31.54
710584,10:15:54,31.53,400,900,4000,B,1219107,31.53,1266532,31.54
710585,10:15:54,31.54,200,200,4000,B,1223875,31.54,1266532,31.54
710586,10:15:54,31.54,500,2100,4000,B,1264403,31.54,1266532,31.54
710744,10:15:55,31.4,2100,2100,3000,S,1266808,31.4,1258409,31.4
710835,10:15:56,31.51,100,100,500,S,1267046,31.51,1266897,31.51
711424,10:16:02,31.51,400,400,500,S,1268283,31.51,1266897,31.51
711852,10:16:06,31.4,900,1500,3000,S,1269172,31.39,1258409,31.4
711853,10:16:06,31.4,100,1500,100,S,1269172,31.39,1262170,31.4
711854,10:16:06,31.39,500,1500,500,S,1269172,31.39,1268540,31.39
712647,10:16:12,31.51,1900,3000,1900,S,1270669,31.51,1269445,31.51
712866,10:16:14,31.38,3000,3000,3000,S,1271141,31.38,1268748,31.38
713534,10:16:19,31.51,1100,3000,1200,B,1270669,31.51,1272250,31.54
713536,10:16:19,31.54,100,2100,1200,B,1264403,31.54,1272250,31.54
714037,10:16:22,31.41,200,200,1000,S,1273082,31.41,1272159,31.41
714114,10:16:23,31.41,800,1500,1000,S,1273220,31.37,1272159,31.41
714115,10:16:23,31.37,500,1500,500,S,1273220,31.37,1260027,31.37
714116,10:16:23,31.37,200,1500,1200,S,1273220,31.37,1264419,31.37
714632,10:16:28,31.5,500,500,4700,B,1272830,31.5,1274326,31.55
714633,10:16:28,31.51,100,100,4700,B,1273292,31.51,1274326,31.55
714634,10:16:28,31.54,1500,2100,4700,B,1264403,31.54,1274326,31.55
714635,10:16:28,31.55,2600,3000,4700,B,1187755,31.55,1274326,31.55
716406,10:16:43,31.43,600,2100,600,S,1277671,31.38,1275183,31.43
716407,10:16:43,31.38,1500,2100,2900,S,1277671,31.38,1274284,31.38
717455,10:16:52,31.51,500,500,700,S,1279758,31.51,1278655,31.51
717545,10:16:53,31.51,200,1000,700,S,1279961,31.43,1278655,31.51
717697,10:16:55,31.4,200,2000,200,S,1280304,31.38,1279040,31.4
717698,10:16:55,31.38,1400,2000,2900,S,1280304,31.38,1274284,31.38
717699,10:16:55,31.38,400,2000,1100,S,1280304,31.38,1276012,31.38
717858,10:16:56,31.43,200,1000,200,B,1279961,31.43,1280656,31.43
719603,10:17:11,31.43,600,1000,1500,B,1279961,31.43,1283894,31.52
719604,10:17:11,31.52,900,900,1500,B,1275409,31.52,1283894,31.52
719876,10:17:14,31.4,1000,1000,5000,S,1284506,31.4,1284105,31.4
720476,10:17:19,31.43,700,2300,700,S,1285670,31.4,1284866,31.43
720477,10:17:19,31.4,1600,2300,5000,S,1285670,31.4,1284105,31.4
721191,10:17:25,31.4,2400,3500,5000,S,1287002,31.39,1284105,31.4
721192,10:17:25,31.4,200,3500,200,S,1287002,31.39,1286612,31.4
721193,10:17:25,31.39,900,3500,1100,S,1287002,31.39,1282083,31.39
722018,10:17:32,31.52,900,900,1500,B,1279985,31.52,1288407,31.52
722019,10:17:32,31.52,600,700,1500,B,1283212,31.52,1288407,31.52
722127,10:17:32,31.52,100,700,2500,B,1283212,31.52,1288604,31.55
722128,10:17:32,31.53,300,300,2500,B,1280106,31.53,1288604,31.55
722129,10:17:32,31.55,300,300,2500,B,1251082,31.55,1288604,31.55
722130,10:17:32,31.55,1800,1800,2500,B,1287261,31.55,1288604,31.55
722152,10:17:33,31.39,200,3000,1100,S,1288655,31.38,1282083,31.39
722153,10:17:33,31.39,1500,3000,1500,S,1288655,31.38,1286634,31.39
722154,10:17:33,31.38,700,3000,1100,S,1288655,31.38,1276012,31.38
722155,10:17:33,31.38,300,3000,300,S,1288655,31.38,1279229,31.38
722156,10:17:33,31.38,100,3000,100,S,1288655,31.38,1281315,31.38
722157,10:17:33,31.38,200,3000,3600,S,1288655,31.38,1282698,31.38
724883,10:17:56,31.46,200,900,200,S,1293750,31.43,1293372,31.46
724884,10:17:56,31.43,700,900,1000,S,1293750,31.43,1288866,31.43
726137,10:18:06,31.5,900,900,1500,B,1291401,31.5,1295894,31.51
726138,10:18:06,31.5,100,100,1500,B,1295016,31.5,1295894,31.51
726139,10:18:06,31.51,500,500,1500,B,1288813,31.51,1295894,31.51
726393,10:18:09,31.47,600,2300,600,S,1296411,31.38,1294683,31.47
726394,10:18:09,31.43,300,2300,1000,S,1296411,31.38,1288866,31.43
726395,10:18:09,31.39,200,2300,200,S,1296411,31.38,1291695,31.39
726396,10:18:09,31.38,1200,2300,3600,S,1296411,31.38,1282698,31.38
728818,10:18:26,31.5,500,500,600,B,1300191,31.5,1300322,31.5
729776,10:18:33,31.5,100,1900,600,S,1301951,31.39,1300322,31.5
729777,10:18:33,31.39,1800,1900,2000,S,1301951,31.39,1300007,31.39
731258,10:18:45,31.39,200,3800,2000,S,1304377,31.38,1300007,31.39
731259,10:18:45,31.38,2200,3800,3600,S,1304377,31.38,1282698,31.38
731260,10:18:45,31.38,100,3800,100,S,1304377,31.38,1298729,31.38
731261,10:18:45,31.38,1000,3800,1000,S,1304377,31.38,1300749,31.38
731262,10:18:45,31.38,300,3800,1800,S,1304377,31.38,1302276,31.38
734183,10:19:09,31.49,900,900,1500,B,1307637,31.49,1309505,31.5
734184,10:19:09,31.5,200,200,1500,B,1302849,31.5,1309505,31.5
734185,10:19:09,31.5,100,100,1500,B,1305857,31.5,1309505,31.5
734186,10:19:09,31.5,300,300,1500,B,1307823,31.5,1309505,31.5
734267,10:19:10,31.4,600,2800,600,S,1309670,31.39,1304484,31.4
734268,10:19:10,31.4,700,2800,700,S,1309670,31.39,1307907,31.4
734269,10:19:10,31.39,1500,2800,3000,S,1309670,31.39,1306868,31.39
735056,10:19:15,31.39,1100,1100,3000,S,1310868,31.39,1306868,31.39
735488,10:19:18,31.4,1000,1600,1000,S,1311473,31.39,1311224,31.4
735489,10:19:18,31.39,400,1600,3000,S,1311473,31.39,1306868,31.39
735490,10:19:18,31.39,200,1600,600,S,1311473,31.39,1307063,31.39
736384,10:19:26,31.39,400,2000,600,S,1313038,31.38,1307063,31.39
736385,10:19:26,31.39,1000,2000,1000,S,1313038,31.38,1312810,31.39
736386,10:19:26,31.38,600,2000,1800,S,1313038,31.38,1302276,31.38
738576,10:19:45,31.39,400,1500,400,S,1316866,31.38,1313923,31.39
738577,10:19:45,31.39,200,1500,200,S,1316866,31.38,1315444,31.39
738578,10:19:45,31.38,900,1500,1800,S,1316866,31.38,1302276,31.38
740296,10:20:01,31.38,200,2100,200,S,1319926,31.37,1306919,31.38
740297,10:20:01,31.38,500,2100,500,S,1319926,31.37,1308977,31.38
740298,10:20:01,31.38,100,2100,100,S,1319926,31.37,1318745,31.38
740299,10:20:01,31.37,1000,2100,1200,S,1319926,31.37,1264419,31.37
740300,10:20:01,31.37,200,2100,200,S,1319926,31.37,1266174,31.37
740301,10:20:01,31.37,100,2100,200,S,1319926,31.37,1274202,31.37
740951,10:20:07,31.37,100,4500,200,S,1321203,31.36,1274202,31.37
740952,10:20:07,31.37,100,4500,100,S,1321203,31.36,1276117,31.37
740953,10:20:07,31.37,800,4500,800,S,1321203,31.36,1314398,31.37
740954,10:20:07,31.37,1000,4500,1000,S,1321203,31.36,1320351,31.37
740955,10:20:07,31.36,100,4500,500,S,1321203,31.36,1214990,31.36
740956,10:20:07,31.36,100,4500,100,S,1321203,31.36,1222146,31.36
740957,10:20:07,31.36,500,4500,500,S,1321203,31.36,1222553,31.36
740958,10:20:07,31.36,200,4500,200,S,1321203,31.36,1222826,31.36
740959,10:20:07,31.36,1500,4500,1500,S,1321203,31.36,1222960,31.36
740960,10:20:07,31.36,100,4500,500,S,1321203,31.36,1224061,31.36
742469,10:20:20,31.4,500,500,1500,S,1323870,31.4,1323000,31.4
743123,10:20:26,31.4,500,500,1500,S,1324952,31.4,1323000,31.4
743959,10:20:32,31.4,500,900,1500,S,1326252,31.37,1323000,31.4
743960,10:20:32,31.37,400,900,400,S,1326252,31.37,1323439,31.37
745205,10:20:45,31.37,200,1100,200,S,1328551,31.37,1324296,31.37
745206,10:20:45,31.37,900,1100,1000,S,1328551,31.37,1324599,31.37
746063,10:20:52,31.37,100,3600,1000,S,1329882,31.36,1324599,31.37
746064,10:20:52,31.36,400,3600,500,S,1329882,31.36,1224061,31.36
746065,10:20:52,31.36,200,3600,200,S,1329882,31.36,1227092,31.36
746066,10:20:52,31.36,1000,3600,1000,S,1329882,31.36,1231762,31.36
746067,10:20:52,31.36,500,3600,500,S,1329882,31.36,1233627,31.36
746068,10:20:52,31.36,300,3600,300,S,1329882,31.36,1269375,31.36
746069,10:20:52,31.36,1100,3600,2000,S,1329882,31.36,1275539,31.36
747966,10:21:07,31.38,200,3000,200,S,1332888,31.37,1329983,31.38
747967,10:21:07,31.37,2800,3000,5600,S,1332888,31.37,1330277,31.37
748482,10:21:11,31.45,300,800,300,B,1324962,31.45,1333698,31.45
749977,10:21:25,31.38,800,800,1000,S,1336515,31.38,1333044,31.38
750371,10:21:29,31.38,200,1200,1000,S,1337232,31.37,1333044,31.38
750372,10:21:29,31.38,500,1200,500,S,1337232,31.37,1334115,31.38
750373,10:21:29,31.38,200,1200,200,S,1337232,31.37,1336021,31.38
750374,10:21:29,31.37,300,1200,5600,S,1337232,31.37,1330277,31.37
752820,10:21:53,31.38,100,2100,100,S,1341677,31.37,1337676,31.38
752821,10:21:53,31.38,200,2100,200,S,1341677,31.37,1339340,31.38
752822,10:21:53,31.37,1800,2100,5600,S,1341677,31.37,1330277,31.37
753054,10:21:55,31.45,100,800,100,B,1324962,31.45,1342180,31.45
753526,10:22:01,31.38,2000,5000,2000,S,1343088,31.38,1342322,31.38
753976,10:22:05,31.37,700,2600,5600,S,1343857,31.36,1330277,31.37
753977,10:22:05,31.37,200,2600,200,S,1343857,31.36,1340141,31.37
753978,10:22:05,31.36,900,2600,2000,S,1343857,31.36,1275539,31.36
753979,10:22:05,31.36,500,2600,500,S,1343857,31.36,1285042,31.36
753980,10:22:05,31.36,300,2600,500,S,1343857,31.36,1301866,31.36
755069,10:22:14,31.38,800,5000,800,B,1343088,31.38,1345619,31.38
755339,10:22:16,31.37,1500,1500,1500,B,1346018,31.37,1346031,31.37
755524,10:22:18,31.36,200,2400,500,S,1346341,31.36,1301866,31.36
755525,10:22:18,31.36,400,2400,400,S,1346341,31.36,1326808,31.36
755526,10:22:18,31.36,1000,2400,1000,S,1346341,31.36,1331573,31.36
