TranID,Time,Price,Volume,SaleOrderVolume,BuyOrderVolume,Type,SaleOrderID,SaleOrderPrice,BuyOrderID,BuyOrderPrice
3357950,09:46:00,15.81,200,200,50000,S,1713463,15.81,1705698,15.81
3359021,09:46:01,15.81,300,300,50000,S,1714375,15.81,1705698,15.81
3359751,09:46:01,15.81,100,100,50000,S,1714976,15.81,1705698,15.81
3363576,09:46:02,15.81,100,100,50000,S,1715533,15.81,1705698,15.81
3363756,09:46:02,15.83,800,1000,3600,B,1624073,15.83,1715719,15.83
3363757,09:46:02,15.83,100,100,3600,B,1656265,15.83,1715719,15.83
3363758,09:46:02,15.83,1000,1000,3600,B,1656574,15.83,1715719,15.83
3363759,09:46:02,15.83,1700,1700,3600,B,1685272,15.83,1715719,15.83
3363776,09:46:02,15.81,100,100,50000,S,1715738,15.81,1705698,15.81
3364654,09:46:03,15.81,4600,4600,50000,S,1716437,15.81,1705698,15.81
3367577,09:46:04,15.83,300,600,300,B,1691368,15.83,1717848,15.83
3373005,09:46:05,15.82,600,600,600,S,1719641,15.82,1717861,15.82
3373547,09:46:06,15.83,300,600,1300,B,1691368,15.83,1720141,15.83
3373548,09:46:06,15.83,1000,3000,1300,B,1706672,15.83,1720141,15.83
3375140,09:46:06,15.82,100,100,2500,S,1721311,15.82,1720067,15.82
3375564,09:46:07,15.82,200,200,2500,S,1721732,15.82,1720067,15.82
3377745,09:46:08,15.83,1000,3000,1000,B,1706672,15.83,1722755,15.83
3381337,09:46:08,15.82,2000,2000,2500,S,1723247,15.82,1720067,15.82
3381382,09:46:08,15.82,100,100,2500,S,1723295,15.82,1720067,15.82
3382492,09:46:09,15.82,100,100,2500,S,1724200,15.82,1720067,15.82
3383548,09:46:09,15.83,1000,3000,1500,B,1706672,15.83,1724420,15.83
3383549,09:46:09,15.83,500,1000,1500,B,1716035,15.83,1724420,15.83
3384037,09:46:09,15.81,500,500,50000,S,1724906,15.81,1705698,15.81
3385529,09:46:10,15.81,500,500,50000,S,1725989,15.81,1705698,15.81
3385720,09:46:10,15.83,500,1000,600,B,1716035,15.83,1726166,15.83
3386433,09:46:11,15.83,100,3800,600,B,1726730,15.81,1726166,15.83
3386434,09:46:11,15.81,3700,3800,50000,S,1726730,15.81,1705698,15.81
3389937,09:46:11,15.81,200,1700,50000,S,1727112,15.81,1705698,15.81
3389938,09:46:11,15.81,1200,1700,1200,S,1727112,15.81,1708031,15.81
3389939,09:46:11,15.81,300,1700,600,S,1727112,15.81,1710357,15.81
3400598,09:46:15,15.83,1000,1200,1000,S,1731623,15.83,1727420,15.83
3400599,09:46:15,15.83,200,1200,1000,S,1731623,15.83,1730709,15.83
3403572,09:46:16,15.83,500,500,1000,S,1733291,15.83,1730709,15.83
3403711,09:46:16,15.83,200,200,1000,S,1733428,15.83,1730709,15.83
3408950,09:46:18,15.83,100,100,1000,S,1735205,15.83,1730709,15.83
3409568,09:46:18,15.83,500,1000,500,S,1735682,15.83,1730948,15.83
3409569,09:46:18,15.83,200,1000,200,S,1735682,15.83,1731239,15.83
3409570,09:46:18,15.83,200,1000,200,S,1735682,15.83,1733144,15.83
3409572,09:46:18,15.83,100,1000,7400,S,1735682,15.83,1735427,15.83
3410484,09:46:18,15.83,200,200,7400,S,1736383,15.83,1735427,15.83
3410492,09:46:18,15.83,1000,1000,7400,S,1736396,15.83,1735427,15.83
3410782,09:46:19,15.83,6100,12900,7400,S,1736639,15.81,1735427,15.83
3410783,09:46:19,15.82,600,12900,600,S,1736639,15.81,1731307,15.82
3410784,09:46:19,15.81,300,12900,600,S,1736639,15.81,1710357,15.81
3410785,09:46:19,15.81,300,12900,300,S,1736639,15.81,1712410,15.81
3410786,09:46:19,15.81,200,12900,200,S,1736639,15.81,1713766,15.81
3410787,09:46:19,15.81,100,12900,100,S,1736639,15.81,1714042,15.81
3410788,09:46:19,15.81,600,12900,600,S,1736639,15.81,1715423,15.81
3410789,09:46:19,15.81,1600,12900,1600,S,1736639,15.81,1724909,15.81
3410790,09:46:19,15.81,1500,12900,1500,S,1736639,15.81,1727227,15.81
3410791,09:46:19,15.81,1600,12900,1700,S,1736639,15.81,1729463,15.81
3413028,09:46:19,15.82,900,900,1000,S,1737488,15.82,1736779,15.82
3413722,09:46:20,15.83,100,100,1000,B,1737311,15.83,1738019,15.84
3413723,09:46:20,15.84,900,2000,1000,B,1368189,15.84,1738019,15.84
3419467,09:46:21,15.83,600,700,600,B,1738779,15.83,1739683,15.83
3421928,09:46:23,15.82,100,400,1000,S,1741669,15.82,1736779,15.82
3421929,09:46:23,15.82,300,400,1000,S,1741669,15.82,1741152,15.82
3426184,09:46:24,15.83,100,700,1500,B,1738779,15.83,1742577,15.84
3426185,09:46:24,15.83,200,200,1500,B,1739272,15.83,1742577,15.84
3426186,09:46:24,15.83,700,700,1500,B,1739427,15.83,1742577,15.84
3426187,09:46:24,15.84,300,2000,1500,B,1368189,15.84,1742577,15.84
3426188,09:46:24,15.84,200,300,1500,B,1536092,15.84,1742577,15.84
3428132,09:46:25,15.84,100,300,200,B,1536092,15.84,1743783,15.84
3428133,09:46:25,15.84,100,1000,200,B,1677720,15.84,1743783,15.84
3428749,09:46:25,15.84,100,1000,100,B,1677720,15.84,1744341,15.84
3428944,09:46:25,15.83,100,100,500,B,1744512,15.83,1743184,15.83
3429755,09:46:26,15.84,300,1000,300,B,1677720,15.84,1745055,15.84
3435282,09:46:27,15.83,400,3200,500,B,1747027,15.81,1743184,15.83
3435283,09:46:27,15.82,700,3200,1000,S,1747027,15.81,1741152,15.82
3435284,09:46:27,15.82,100,3200,100,S,1747027,15.81,1746431,15.82
3435285,09:46:27,15.81,100,3200,1700,S,1747027,15.81,1729463,15.81
3435286,09:46:27,15.81,500,3200,500,S,1747027,15.81,1730143,15.81
3435287,09:46:27,15.81,100,3200,100,S,1747027,15.81,1741746,15.81
3435288,09:46:27,15.81,1300,3200,1900,S,1747027,15.81,1745397,15.81
3437533,09:46:28,15.83,100,100,1200,S,1748251,15.83,1747979,15.83
3437824,09:46:28,15.83,1000,1000,1200,S,1748519,15.83,1747979,15.83
3438376,09:46:29,15.83,100,2200,1200,S,1749026,15.83,1747979,15.83
3438513,09:46:29,15.83,100,2200,100,S,1749026,15.83,1749138,15.83
3444865,09:46:30,15.82,200,200,3800,B,1750312,15.82,1750997,15.84
3444866,09:46:30,15.83,2000,2200,3800,B,1749026,15.83,1750997,15.84
3444867,09:46:30,15.83,100,100,3800,B,1750461,15.83,1750997,15.84
3444868,09:46:30,15.83,1000,1000,3800,B,1750567,15.83,1750997,15.84
3444869,09:46:30,15.84,500,1000,3800,B,1677720,15.84,1750997,15.84
3446737,09:46:31,15.84,300,300,1000,B,1740042,15.84,1752399,15.84
3446738,09:46:31,15.84,700,3500,1000,B,1751584,15.84,1752399,15.84
3453485,09:46:33,15.83,100,100,100,S,1754306,15.83,1751007,15.83
3454342,09:46:34,15.83,100,200,100,S,1755101,15.83,1752312,15.83
3454343,09:46:34,15.83,100,200,200,S,1755101,15.83,1753305,15.83
3455093,09:46:34,15.83,100,100,200,S,1755678,15.83,1753305,15.83
3456196,09:46:35,15.84,200,3500,200,B,1751584,15.84,1756466,15.84
3463388,09:46:37,15.84,1000,3500,1000,B,1751584,15.84,1759019,15.84
3468478,09:46:39,15.84,900,3500,900,B,1751584,15.84,1760781,15.84
3470836,09:46:40,15.84,200,3500,200,B,1751584,15.84,1762033,15.84
3471046,09:46:40,15.83,300,800,300,S,1762221,15.82,1755584,15.83
3471047,09:46:40,15.83,100,800,100,S,1762221,15.82,1758192,15.83
3471048,09:46:40,15.82,400,800,800,S,1762221,15.82,1758140,15.82
3471675,09:46:40,15.83,200,200,4000,S,1762645,15.83,1762342,15.83
3471753,09:46:40,15.83,100,100,4000,S,1762710,15.83,1762342,15.83
3472246,09:46:40,15.84,500,3500,500,B,1751584,15.84,1763144,15.84
3473170,09:46:41,15.84,2300,8100,2300,B,1754780,15.84,1763977,15.84
3479227,09:46:42,15.84,1100,8100,1100,B,1754780,15.84,1765705,15.84
3479652,09:46:43,15.83,100,100,4000,S,1766096,15.83,1762342,15.83
3480132,09:46:43,15.83,400,400,4000,S,1766463,15.83,1762342,15.83
3485148,09:46:44,15.84,1000,8100,1000,B,1754780,15.84,1768009,15.84
3485718,09:46:45,15.83,200,200,4000,S,1768396,15.83,1762342,15.83
3486359,09:46:45,15.84,1000,8100,1000,B,1754780,15.84,1768957,15.84
3486837,09:46:45,15.84,2700,8100,7400,B,1754780,15.84,1769342,15.84
3486838,09:46:45,15.84,300,300,7400,B,1758843,15.84,1769342,15.84
3486839,09:46:45,15.84,1600,1600,7400,B,1768467,15.84,1769342,15.84
3488203,09:46:46,15.84,2800,2800,7400,B,1769656,15.84,1769342,15.84
3489380,09:46:46,15.84,100,100,100,B,1770727,15.84,1770213,15.84
3490548,09:46:47,15.84,300,300,400,B,1771011,15.84,1770464,15.84
3496478,09:46:48,15.84,100,300,400,S,1773470,15.84,1770464,15.84
3496479,09:46:48,15.84,200,300,1200,S,1773470,15.84,1770986,15.84
3501491,09:46:50,15.84,1000,3200,1200,S,1775062,15.83,1770986,15.84
3501492,09:46:50,15.84,600,3200,600,S,1775062,15.83,1772308,15.84
3501493,09:46:50,15.83,1600,3200,4000,S,1775062,15.83,1762342,15.83
3501994,09:46:50,15.85,600,5000,600,B,1339966,15.85,1775428,15.85
3505403,09:46:51,15.84,300,300,500,S,1776869,15.84,1775283,15.84
3505643,09:46:51,15.85,300,5000,300,B,1339966,15.85,1777082,15.85
3506169,09:46:52,15.84,200,3000,500,S,1777497,15.83,1775283,15.84
3506170,09:46:52,15.84,500,3000,500,S,1777497,15.83,1775645,15.84
3506171,09:46:52,15.84,100,3000,100,S,1777497,15.83,1776297,15.84
3506172,09:46:52,15.83,1400,3000,4000,S,1777497,15.83,1762342,15.83
3506173,09:46:52,15.83,800,3000,900,S,1777497,15.83,1771630,15.83
3507488,09:46:53,15.84,100,100,200,S,1778536,15.84,1777751,15.84
3511599,09:46:53,15.85,100,5000,400,B,1339966,15.85,1779391,15.85
3511600,09:46:53,15.85,100,100,400,B,1357971,15.85,1779391,15.85
3511601,09:46:53,15.85,200,500,400,B,1374732,15.85,1779391,15.85
3512826,09:46:54,15.84,100,100,200,S,1780483,15.84,1777751,15.84
3513192,09:46:54,15.84,200,3900,200,S,1780754,15.81,1778215,15.84
3513193,09:46:54,15.83,100,3900,900,S,1780754,15.81,1771630,15.83
3513194,09:46:54,15.83,200,3900,200,S,1780754,15.81,1772378,15.83
3513195,09:46:54,15.83,400,3900,400,S,1780754,15.81,1776327,15.83
3513196,09:46:54,15.83,700,3900,700,S,1780754,15.81,1777804,15.83
3513197,09:46:54,15.82,400,3900,800,S,1780754,15.81,1758140,15.82
3513198,09:46:54,15.82,1400,3900,1400,S,1780754,15.81,1758571,15.82
3513199,09:46:54,15.81,500,3900,1900,S,1780754,15.81,1745397,15.81
3518380,09:46:56,15.85,100,500,100,B,1374732,15.85,1782761,15.85
3519002,09:46:56,15.85,100,500,100,B,1374732,15.85,1783314,15.85
3519068,09:46:56,15.84,100,100,500,S,1783384,15.84,1781759,15.84
3522596,09:46:57,15.84,300,300,500,S,1784197,15.84,1781759,15.84
3523480,09:46:58,15.84,100,2000,500,S,1784805,15.84,1781759,15.84
3523481,09:46:58,15.84,1000,2000,1000,S,1784805,15.84,1783470,15.84
3523482,09:46:58,15.84,200,2000,200,S,1784805,15.84,1784458,15.84
3524184,09:46:58,15.83,100,100,300,S,1785386,15.83,1782970,15.83
3530587,09:47:00,15.84,400,2000,400,B,1784805,15.84,1788206,15.84
3532572,09:47:01,15.84,300,2000,20000,B,1784805,15.84,1789096,15.85
3532573,09:47:01,15.84,1100,1100,20000,B,1785897,15.84,1789096,15.85
3532574,09:47:01,15.85,100,500,20000,B,1374732,15.85,1789096,15.85
3532575,09:47:01,15.85,500,500,20000,B,1376319,15.85,1789096,15.85
3532576,09:47:01,15.85,100,100,20000,B,1386567,15.85,1789096,15.85
3532577,09:47:01,15.85,500,500,20000,B,1464823,15.85,1789096,15.85
3532578,09:47:01,15.85,300,300,20000,B,1495714,15.85,1789096,15.85
3532579,09:47:01,15.85,300,300,20000,B,1534027,15.85,1789096,15.85
3532580,09:47:01,15.85,200,200,20000,B,1599486,15.85,1789096,15.85
3532581,09:47:01,15.85,100,100,20000,B,1611832,15.85,1789096,15.85
3532582,09:47:01,15.85,200,200,20000,B,1759258,15.85,1789096,15.85
3532583,09:47:01,15.85,1000,1000,20000,B,1780308,15.85,1789096,15.85
3532584,09:47:01,15.85,6400,6400,20000,B,1786857,15.85,1789096,15.85
3537225,09:47:02,15.85,1000,1000,20000,B,1790379,15.85,1789096,15.85
3537529,09:47:02,15.85,7900,10500,20000,B,1790676,15.84,1789096,15.85
3537530,09:47:02,15.85,500,10500,500,B,1790676,15.84,1789874,15.85
3537531,09:47:02,15.85,700,10500,700,B,1790676,15.84,1790168,15.85
3537532,09:47:02,15.84,300,10500,300,S,1790676,15.84,1789388,15.84
3546100,09:47:05,15.84,100,10500,100,B,1790676,15.84,1793845,15.84
3549430,09:47:07,15.83,200,1000,300,S,1796352,15.83,1782970,15.83
3549431,09:47:07,15.83,100,1000,100,S,1796352,15.83,1783252,15.83
3549432,09:47:07,15.83,200,1000,200,S,1796352,15.83,1788839,15.83
3549433,09:47:07,15.83,400,1000,400,S,1796352,15.83,1793890,15.83
3554104,09:47:08,15.83,100,1000,300,S,1796352,15.83,1797567,15.84
3554105,09:47:08,15.84,200,10500,300,B,1790676,15.84,1797567,15.84
3566452,09:47:12,15.83,500,500,1300,B,1802284,15.83,1802711,15.84
3566453,09:47:12,15.84,800,10500,1300,B,1790676,15.84,1802711,15.84
3568323,09:47:13,15.82,1600,5000,1600,S,1804152,15.81,1798299,15.82
3568324,09:47:13,15.82,200,5000,200,S,1804152,15.81,1798434,15.82
3568325,09:47:13,15.81,100,5000,1900,S,1804152,15.81,1745397,15.81
3568326,09:47:13,15.81,1000,5000,1000,S,1804152,15.81,1762799,15.81
3568327,09:47:13,15.81,300,5000,300,S,1804152,15.81,1801862,15.81
3568611,09:47:14,15.81,300,5000,300,S,1804152,15.81,1804415,15.81
3572635,09:47:14,15.8,500,2000,500,S,1805229,15.8,1712155,15.8
3572636,09:47:14,15.8,1000,2000,1000,S,1805229,15.8,1725348,15.8
3572637,09:47:14,15.8,500,2000,500,S,1805229,15.8,1727376,15.8
3581207,09:47:17,15.81,500,5000,500,B,1804152,15.81,1808963,15.81
3582038,09:47:18,15.8,100,200,100,S,1809743,15.8,1734532,15.8
3582039,09:47:18,15.8,100,200,100,S,1809743,15.8,1751300,15.8
3582723,09:47:18,15.8,500,500,1200,S,1810360,15.8,1762972,15.8
3591637,09:47:21,15.81,400,5000,400,B,1804152,15.81,1813772,15.81
3591785,09:47:21,15.8,700,1900,1200,S,1813906,15.8,1762972,15.8
3591786,09:47:21,15.8,300,1900,300,S,1813906,15.8,1775527,15.8
3591788,09:47:21,15.8,400,1900,400,S,1813906,15.8,1785836,15.8
3591789,09:47:21,15.8,200,1900,200,S,1813906,15.8,1793374,15.8
3591790,09:47:21,15.8,300,1900,600,S,1813906,15.8,1804796,15.8
3592534,09:47:22,15.81,100,5000,100,B,1804152,15.81,1814501,15.81
3592994,09:47:22,15.8,300,500,600,S,1814879,15.8,1804796,15.8
3592995,09:47:22,15.8,200,500,800,S,1814879,15.8,1814456,15.8
3593642,09:47:23,15.81,200,5000,200,B,1804152,15.81,1815432,15.81
3594035,09:47:23,15.8,300,300,800,S,1815814,15.8,1814456,15.8
3597695,09:47:23,15.8,200,200,800,S,1816308,15.8,1814456,15.8
3600176,09:47:24,15.8,100,100,800,S,1817642,15.8,1814456,15.8
3601324,09:47:25,15.8,200,500,200,S,1817903,15.8,1818594,15.8
3601569,09:47:25,15.8,100,500,100,S,1817903,15.8,1818783,15.8
3602192,09:47:26,15.8,100,500,100,S,1817903,15.8,1819337,15.8
3602687,09:47:26,15.8,100,500,1000,S,1817903,15.8,1819736,15.8
3602688,09:47:26,15.8,900,4000,1000,S,1818721,15.8,1819736,15.8
3608127,09:47:28,15.8,300,4000,300,B,1818721,15.8,1821699,15.8
3608187,09:47:28,15.79,1000,5000,1000,S,1821710,15.79,1707661,15.79
3608188,09:47:28,15.79,2000,5000,2000,S,1821710,15.79,1758914,15.79
3608224,09:47:28,15.79,2000,5000,10000,S,1821710,15.79,1769928,15.79
3610126,09:47:28,15.8,500,4000,500,B,1818721,15.8,1822472,15.8
3610706,09:47:29,15.8,300,4000,300,B,1818721,15.8,1822906,15.8
3614141,09:47:29,15.8,400,4000,400,B,1818721,15.8,1823653,15.8
3614878,09:47:30,15.8,100,4000,100,B,1818721,15.8,1824309,15.8
3615067,09:47:30,15.79,100,100,10000,S,1824505,15.79,1769928,15.79
3618244,09:47:31,15.8,300,4000,300,B,1818721,15.8,1825627,15.8
3619732,09:47:32,15.8,900,4000,900,B,1818721,15.8,1826904,15.8
3623544,09:47:33,15.8,300,4000,1000,B,1818721,15.8,1827474,15.8
3623545,09:47:33,15.8,700,4600,1000,B,1819888,15.8,1827474,15.8
3623555,09:47:33,15.79,900,900,10000,S,1827486,15.79,1769928,15.79
3623669,09:47:33,15.8,500,4600,500,B,1819888,15.8,1827606,15.8
3626020,09:47:34,15.79,300,300,10000,S,1828892,15.79,1769928,15.79
3626030,09:47:34,15.79,300,300,10000,S,1828904,15.79,1769928,15.79
3626133,09:47:34,15.79,500,500,10000,S,1828985,15.79,1769928,15.79
3634038,09:47:36,15.8,2800,4600,2800,B,1819888,15.8,1832501,15.8
3634181,09:47:37,15.79,100,100,10000,S,1832657,15.79,1769928,15.79
3634320,09:47:37,15.79,1300,1300,10000,S,1832729,15.79,1769928,15.79
3634494,09:47:37,15.8,500,4600,500,B,1819888,15.8,1832898,15.8
3635020,09:47:37,15.79,2000,2000,10000,S,1833316,15.79,1769928,15.79
3635377,09:47:37,15.79,200,200,10000,S,1833602,15.79,1769928,15.79
3635420,09:47:37,15.79,500,500,10000,S,1833644,15.79,1769928,15.79
3635444,09:47:38,15.79,1600,1600,10000,S,1833672,15.79,1769928,15.79
3635504,09:47:38,15.79,200,200,10000,S,1833702,15.79,1769928,15.79
3635923,09:47:38,15.79,100,100,10000,S,1834090,15.79,1774848,15.79
3636145,09:47:38,15.79,400,400,10000,S,1834301,15.79,1774848,15.79
3640251,09:47:39,15.8,100,4600,1300,B,1819888,15.8,1835107,15.8
3640252,09:47:39,15.8,100,100,1300,B,1820836,15.8,1835107,15.8
3640253,09:47:39,15.8,100,100,1300,B,1821315,15.8,1835107,15.8
3640254,09:47:39,15.8,800,800,1300,B,1821355,15.8,1835107,15.8
3640255,09:47:39,15.8,200,1500,1300,B,1821535,15.8,1835107,15.8
3640496,09:47:39,15.79,500,500,10000,S,1835324,15.79,1774848,15.79
3640541,09:47:39,15.79,700,700,10000,S,1835358,15.79,1774848,15.79
3642325,09:47:40,15.79,100,100,10000,S,1836221,15.79,1774848,15.79
3642601,09:47:40,15.79,1000,1000,10000,S,1836439,15.79,1774848,15.79
3642841,09:47:40,15.79,1300,1300,10000,S,1836641,15.79,1774848,15.79
3642895,09:47:40,15.79,1500,1500,10000,S,1836679,15.79,1774848,15.79
3643504,09:47:40,15.79,4400,6000,10000,S,1837157,15.78,1774848,15.79
3643505,09:47:40,15.78,100,6000,100,S,1837157,15.78,1708866,15.78
3643506,09:47:40,15.78,1000,6000,1000,S,1837157,15.78,1709663,15.78
3643507,09:47:40,15.78,500,6000,3000,S,1837157,15.78,1719574,15.78
3644156,09:47:41,15.78,100,100,3000,S,1837774,15.78,1719574,15.78
3648583,09:47:42,15.79,100,100,100,B,1837305,15.79,1838931,15.79
3650447,09:47:43,15.79,200,20500,200,B,1839379,15.79,1840281,15.79
3650759,09:47:43,15.79,600,20500,600,B,1839379,15.79,1840504,15.79
3651651,09:47:43,15.79,700,20500,700,B,1839379,15.79,1841212,15.79
3658008,09:47:45,15.79,500,20500,500,B,1839379,15.79,1843365,15.79
3660417,09:47:46,15.79,1000,20500,1000,B,1839379,15.79,1844553,15.79
3661198,09:47:46,15.78,100,100,3000,S,1845063,15.78,1719574,15.78
3667138,09:47:48,15.79,5000,20500,5000,B,1839379,15.79,1847527,15.79
3669183,09:47:49,15.78,1100,1100,3000,S,1848453,15.78,1719574,15.78
3674153,09:47:50,15.79,800,20500,800,B,1839379,15.79,1850078,15.79
3674287,09:47:50,15.78,1200,7200,3000,S,1850164,15.78,1719574,15.78
3674288,09:47:50,15.78,1400,7200,1400,S,1850164,15.78,1739256,15.78
3674289,09:47:50,15.78,4600,7200,11800,S,1850164,15.78,1745136,15.78
3677532,09:47:52,15.78,200,200,11800,S,1851896,15.78,1745136,15.78
3677707,09:47:52,15.78,1300,1300,11800,S,1852077,15.78,1745136,15.78
3681677,09:47:53,15.78,2700,2700,11800,S,1852858,15.78,1745136,15.78
3682009,09:47:53,15.78,1300,1300,11800,S,1853102,15.78,1745136,15.78
3685568,09:47:54,15.79,300,20500,300,B,1839379,15.79,1854906,15.79
3686477,09:47:55,15.78,400,400,11800,S,1855680,15.78,1745136,15.78
3686938,09:47:55,15.78,800,800,11800,S,1856160,15.78,1745136,15.78
3686964,09:47:55,15.78,500,3200,11800,S,1856192,15.78,1745136,15.78
3686965,09:47:55,15.78,300,3200,300,S,1856192,15.78,1756348,15.78
3686966,09:47:55,15.78,500,3200,500,S,1856192,15.78,1789820,15.78
3686967,09:47:55,15.78,500,3200,500,S,1856192,15.78,1848059,15.78
3686968,09:47:55,15.78,100,3200,100,S,1856192,15.78,1848975,15.78
3686969,09:47:55,15.78,1000,3200,1000,S,1856192,15.78,1852234,15.78
3690862,09:47:56,15.77,3000,3000,20000,S,1856807,15.77,1631032,15.77
3692869,09:47:57,15.78,100,3200,100,B,1856192,15.78,1858379,15.78
3693167,09:47:58,15.77,100,100,20000,S,1858635,15.77,1631032,15.77
3695976,09:47:59,15.78,100,3200,100,B,1856192,15.78,1859906,15.78
3699334,09:47:59,15.78,100,3200,200,B,1856192,15.78,1860127,15.78
3699335,09:47:59,15.78,100,200,200,B,1856606,15.78,1860127,15.78
3703454,09:48:01,15.77,1000,1000,20000,S,1862891,15.77,1631032,15.77
3703460,09:48:01,15.77,200,200,20000,S,1862910,15.77,1631032,15.77
3703544,09:48:01,15.78,100,200,1200,B,1856606,15.78,1862959,15.78
3703545,09:48:01,15.78,300,300,1200,B,1856830,15.78,1862959,15.78
3703546,09:48:01,15.78,100,100,1200,B,1856946,15.78,1862959,15.78
3703547,09:48:01,15.78,700,1700,1200,B,1857379,15.78,1862959,15.78
3707700,09:48:02,15.78,1000,1700,20000,B,1857379,15.78,1863848,15.79
3707701,09:48:02,15.78,600,600,20000,B,1857431,15.78,1863848,15.79
3707702,09:48:02,15.78,100,100,20000,B,1857565,15.78,1863848,15.79
3707703,09:48:02,15.78,100,100,20000,B,1857930,15.78,1863848,15.79
3707704,09:48:02,15.78,100,100,20000,B,1858218,15.78,1863848,15.79
3707705,09:48:02,15.78,200,200,20000,B,1858261,15.78,1863848,15.79
3707706,09:48:02,15.78,100,100,20000,B,1859099,15.78,1863848,15.79
3707707,09:48:02,15.78,2500,2500,20000,B,1859453,15.78,1863848,15.79
3707708,09:48:02,15.78,600,600,20000,B,1859911,15.78,1863848,15.79
3707711,09:48:02,15.78,400,400,20000,B,1860750,15.78,1863848,15.79
3707712,09:48:02,15.78,400,400,20000,B,1861447,15.78,1863848,15.79
3707713,09:48:02,15.78,200,200,20000,B,1861646,15.78,1863848,15.79
3707714,09:48:02,15.78,2300,2300,20000,B,1863513,15.78,1863848,15.79
3707715,09:48:02,15.79,11400,20500,20000,B,1839379,15.79,1863848,15.79
3709256,09:48:03,15.77,2200,2200,20000,S,1865282,15.77,1631032,15.77
3709276,09:48:03,15.77,3800,3800,20000,S,1865301,15.77,1631032,15.77
3709460,09:48:03,15.77,700,700,20000,S,1865456,15.77,1631032,15.77
3713597,09:48:05,15.77,5100,16100,20000,S,1867133,15.77,1631032,15.77
3713598,09:48:05,15.77,300,16100,300,S,1867133,15.77,1633875,15.77
3713599,09:48:05,15.77,300,16100,300,S,1867133,15.77,1633904,15.77
3713600,09:48:05,15.77,800,16100,800,S,1867133,15.77,1634464,15.77
3713601,09:48:05,15.77,300,16100,300,S,1867133,15.77,1634465,15.77
3713602,09:48:05,15.77,700,16100,700,S,1867133,15.77,1634466,15.77
3713603,09:48:05,15.77,900,16100,900,S,1867133,15.77,1634467,15.77
3713604,09:48:05,15.77,200,16100,200,S,1867133,15.77,1637064,15.77
3713605,09:48:05,15.77,100,16100,100,S,1867133,15.77,1637853,15.77
3713606,09:48:05,15.77,100,16100,100,S,1867133,15.77,1641211,15.77
3713607,09:48:05,15.77,300,16100,300,S,1867133,15.77,1644131,15.77
3713610,09:48:05,15.77,500,16100,500,S,1867133,15.77,1701279,15.77
3713611,09:48:05,15.77,1500,16100,1500,S,1867133,15.77,1738771,15.77
3713612,09:48:05,15.77,5000,16100,11100,S,1867133,15.77,1779871,15.77
3717141,09:48:05,15.77,1000,1000,11100,S,1867520,15.77,1779871,15.77
3717885,09:48:05,15.77,100,100,11100,S,1868221,15.77,1779871,15.77
3720088,09:48:06,15.77,100,100,11100,S,1869446,15.77,1779871,15.77
3720629,09:48:07,15.77,1000,1000,11100,S,1869971,15.77,1779871,15.77
3720631,09:48:07,15.77,300,300,11100,S,1869980,15.77,1779871,15.77
3720844,09:48:07,15.77,200,200,11100,S,1870188,15.77,1779871,15.77
3724240,09:48:07,15.77,3400,7200,11100,S,1870420,15.77,1779871,15.77
3724241,09:48:07,15.77,800,7200,800,S,1870420,15.77,1793998,15.77
3726012,09:48:08,15.77,400,7200,400,S,1870420,15.77,1871909,15.77
3729110,09:48:10,15.76,100,100,20000,S,1873754,15.76,1526870,15.76
3729739,09:48:11,15.76,1000,1000,20000,S,1874245,15.76,1526870,15.76
3734094,09:48:11,15.77,200,7200,200,B,1870420,15.77,1875110,15.77
3735366,09:48:12,15.76,1000,1000,20000,S,1876055,15.76,1526870,15.76
3736365,09:48:13,15.77,300,7200,300,B,1870420,15.77,1876734,15.77
3737744,09:48:13,15.76,100,100,20000,S,1876934,15.76,1526870,15.76
3742358,09:48:14,15.77,100,7200,100,B,1870420,15.77,1878207,15.77
3743300,09:48:15,15.76,700,700,20000,S,1879077,15.76,1526870,15.76
3743553,09:48:15,15.76,1200,1200,20000,S,1879294,15.76,1526870,15.76
3744344,09:48:15,15.76,300,300,20000,S,1879999,15.76,1526870,15.76
3744652,09:48:16,15.77,2000,7200,17900,B,1870420,15.77,1880237,15.77
3744653,09:48:16,15.77,100,100,17900,B,1871075,15.77,1880237,15.77
3744654,09:48:16,15.77,100,100,17900,B,1871933,15.77,1880237,15.77
3744655,09:48:16,15.77,1000,1000,17900,B,1877361,15.77,1880237,15.77
3744656,09:48:16,15.77,500,500,17900,B,1878219,15.77,1880237,15.77
3744657,09:48:16,15.77,500,500,17900,B,1879067,15.77,1880237,15.77
3744658,09:48:16,15.77,600,600,17900,B,1879714,15.77,1880237,15.77
3744659,09:48:16,15.77,200,200,17900,B,1880195,15.77,1880237,15.77
3747126,09:48:16,15.77,300,300,17900,B,1881335,15.77,1880237,15.77
3751442,09:48:17,15.77,100,100,17900,B,1882470,15.77,1880237,15.77
3753225,09:48:18,15.77,500,500,17900,B,1883225,15.77,1880237,15.77
3753704,09:48:18,15.77,100,100,17900,S,1883609,15.77,1880237,15.77
3753732,09:48:18,15.78,100,800,100,B,1864052,15.78,1883636,15.78
3756133,09:48:20,15.77,100,100,17900,S,1885340,15.77,1880237,15.77
3756211,09:48:20,15.77,300,300,17900,S,1885381,15.77,1880237,15.77
3759447,09:48:20,15.77,1000,1000,17900,S,1885482,15.77,1880237,15.77
3759755,09:48:20,15.77,1300,1300,17900,S,1885743,15.77,1880237,15.77
3761540,09:48:21,15.77,500,500,17900,S,1886744,15.77,1880237,15.77
3761816,09:48:21,15.77,100,100,17900,S,1886985,15.77,1880237,15.77
3768113,09:48:24,15.77,3000,3000,17900,S,1889772,15.77,1880237,15.77
3768544,09:48:24,15.77,200,200,17900,S,1890138,15.77,1880237,15.77
3768647,09:48:24,15.77,300,300,17900,S,1890257,15.77,1880237,15.77
3769889,09:48:24,15.77,400,400,17900,S,1890764,15.77,1880237,15.77
3769890,09:48:24,15.77,1000,1000,17900,S,1890768,15.77,1880237,15.77
3770037,09:48:25,15.78,700,800,1100,B,1864052,15.78,1890884,15.78
3770038,09:48:25,15.78,100,100,1100,B,1864054,15.78,1890884,15.78
3770039,09:48:25,15.78,300,800,1100,B,1866796,15.78,1890884,15.78
3770789,09:48:25,15.77,500,500,17900,S,1891374,15.77,1880237,15.77
3770859,09:48:25,15.77,3200,5500,17900,S,1891461,15.77,1880237,15.77
3770860,09:48:25,15.77,2000,5500,2000,S,1891461,15.77,1882755,15.77
3770861,09:48:25,15.77,300,5500,2000,S,1891461,15.77,1885364,15.77
3770879,09:48:25,15.77,1700,2600,2000,S,1891485,15.77,1885364,15.77
3770880,09:48:25,15.77,100,2600,100,S,1891485,15.77,1889058,15.77
3770881,09:48:25,15.77,100,2600,100,S,1891485,15.77,1891196,15.77
3770960,09:48:25,15.77,700,2600,58800,S,1891485,15.77,1891546,15.8
3770961,09:48:25,15.78,500,800,58800,B,1866796,15.78,1891546,15.8
3770962,09:48:25,15.78,600,600,58800,B,1867857,15.78,1891546,15.8
3770963,09:48:25,15.78,200,200,58800,B,1868483,15.78,1891546,15.8
3770964,09:48:25,15.78,300,300,58800,B,1873284,15.78,1891546,15.8
3770965,09:48:25,15.78,100,100,58800,B,1873780,15.78,1891546,15.8
3770966,09:48:25,15.78,100,100,58800,B,1876967,15.78,1891546,15.8
3770967,09:48:25,15.78,1000,1000,58800,B,1889541,15.78,1891546,15.8
3770968,09:48:25,15.79,1300,1300,58800,B,1839730,15.79,1891546,15.8
3770969,09:48:25,15.79,100,100,58800,B,1843172,15.79,1891546,15.8
3770970,09:48:25,15.79,200,200,58800,B,1845286,15.79,1891546,15.8
3770971,09:48:25,15.79,5800,5800,58800,B,1856927,15.79,1891546,15.8
3770972,09:48:25,15.79,1000,1000,58800,B,1858424,15.79,1891546,15.8
3770973,09:48:25,15.79,800,800,58800,B,1863134,15.79,1891546,15.8
3770974,09:48:25,15.79,400,400,58800,B,1871924,15.79,1891546,15.8
3770975,09:48:25,15.79,400,400,58800,B,1878857,15.79,1891546,15.8
3770976,09:48:25,15.8,1300,1500,58800,B,1821535,15.8,1891546,15.8
3770977,09:48:25,15.8,300,300,58800,B,1821924,15.8,1891546,15.8
3770978,09:48:25,15.8,1800,1800,58800,B,1821951,15.8,1891546,15.8
3770979,09:48:25,15.8,200,200,58800,B,1825218,15.8,1891546,15.8
3770980,09:48:25,15.8,9100,9100,58800,B,1827586,15.8,1891546,15.8
3770981,09:48:25,15.8,100,100,58800,B,1827847,15.8,1891546,15.8
3770982,09:48:25,15.8,1000,1000,58800,B,1831603,15.8,1891546,15.8
3770983,09:48:25,15.8,300,300,58800,B,1835230,15.8,1891546,15.8
3770984,09:48:25,15.8,1000,1000,58800,B,1838418,15.8,1891546,15.8
3770985,09:48:25,15.8,1000,1000,58800,B,1840187,15.8,1891546,15.8
3770986,09:48:25,15.8,100,100,58800,B,1847048,15.8,1891546,15.8
3770987,09:48:25,15.8,100,100,58800,B,1866882,15.8,1891546,15.8
3770988,09:48:25,15.8,100,100,58800,B,1870894,15.8,1891546,15.8
3770989,09:48:25,15.8,300,300,58800,B,1888333,15.8,1891546,15.8
3771289,09:48:25,15.8,600,600,58800,B,1891775,15.8,1891546,15.8
3771695,09:48:25,15.8,100,100,58800,B,1892103,15.8,1891546,15.8
3772169,09:48:26,15.8,500,500,58800,B,1892575,15.8,1891546,15.8
3776249,09:48:27,15.8,1300,1300,58800,B,1893384,15.8,1891546,15.8
3777771,09:48:27,15.8,6000,6000,58800,B,1894029,15.8,1891546,15.8
3779306,09:48:28,15.8,1000,1000,58800,S,1895177,15.8,1891546,15.8
3780037,09:48:29,15.8,100,100,58800,S,1895818,15.8,1891546,15.8
3784219,09:48:29,15.8,1700,1700,58800,S,1896595,15.8,1891546,15.8
3784615,09:48:30,15.8,1000,1000,58800,S,1896940,15.8,1891546,15.8
3785606,09:48:30,15.81,200,5000,200,B,1804152,15.81,1897757,15.81
3787224,09:48:30,15.81,100,5000,400,B,1804152,15.81,1898129,15.81
3787225,09:48:30,15.81,300,800,400,B,1806276,15.81,1898129,15.81
3787694,09:48:31,15.8,500,500,58800,S,1898485,15.8,1891546,15.8
3793845,09:48:33,15.8,100,100,58800,S,1900860,15.8,1891546,15.8
3793950,09:48:33,15.8,1100,1100,58800,S,1900966,15.8,1891546,15.8
3795471,09:48:33,15.8,600,600,58800,S,1901254,15.8,1891546,15.8
3796166,09:48:34,15.8,800,800,58800,S,1901744,15.8,1891546,15.8
3798127,09:48:35,15.8,200,200,58800,S,1902764,15.8,1891546,15.8
3802661,09:48:36,15.81,100,800,100,B,1806276,15.81,1903890,15.81
3805741,09:48:37,15.8,600,600,58800,S,1905679,15.8,1891546,15.8
3806295,09:48:38,15.8,1000,1000,58800,S,1906126,15.8,1891546,15.8
3806406,09:48:38,15.8,1700,1700,58800,S,1906195,15.8,1891546,15.8
3810106,09:48:38,15.8,300,300,58800,S,1906665,15.8,1891546,15.8
3812481,09:48:39,15.8,4700,4700,58800,S,1907932,15.8,1891546,15.8
3813027,09:48:40,15.8,800,800,58800,S,1908377,15.8,1891546,15.8
3813652,09:48:40,15.8,800,800,58800,S,1908873,15.8,1891546,15.8
3814862,09:48:41,15.8,100,100,58800,S,1909962,15.8,1891546,15.8
3819149,09:48:42,15.8,700,700,58800,S,1910365,15.8,1891546,15.8
3819218,09:48:42,15.8,1000,1000,58800,S,1910418,15.8,1891546,15.8
3819572,09:48:42,15.8,100,100,58800,S,1910599,15.8,1891546,15.8
3820276,09:48:42,15.81,400,800,600,B,1806276,15.81,1911204,15.81
3820277,09:48:42,15.81,200,1000,600,B,1816681,15.81,1911204,15.81
3820385,09:48:42,15.81,700,1000,700,B,1816681,15.81,1911302,15.81
3820869,09:48:43,15.8,1200,1900,58800,S,1911712,15.8,1891546,15.8
3820870,09:48:43,15.8,500,1900,500,S,1911712,15.8,1902072,15.8
3820871,09:48:43,15.8,200,1900,2000,S,1911712,15.8,1911339,15.8
3821023,09:48:43,15.8,200,200,2000,S,1911854,15.8,1911339,15.8
3821063,09:48:43,15.8,200,200,2000,S,1911868,15.8,1911339,15.8
3821124,09:48:43,15.81,100,1000,1100,B,1816681,15.81,1911931,15.81
3821125,09:48:43,15.81,100,100,1100,B,1897401,15.81,1911931,15.81
3827685,09:48:45,15.81,900,900,1100,B,1914482,15.81,1911931,15.81
3829776,09:48:46,15.81,200,200,400,S,1915429,15.81,1913084,15.81
3830027,09:48:46,15.81,200,2800,400,S,1915608,15.8,1913084,15.81
3830028,09:48:46,15.81,100,2800,100,S,1915608,15.8,1914160,15.81
3830029,09:48:46,15.81,100,2800,100,S,1915608,15.8,1915468,15.81
3830030,09:48:46,15.8,1400,2800,2000,S,1915608,15.8,1911339,15.8
3830031,09:48:46,15.8,600,2800,600,S,1915608,15.8,1913869,15.8
3830058,09:48:46,15.8,400,2800,1100,S,1915608,15.8,1915627,15.81
3833815,09:48:47,15.81,100,100,1100,S,1916220,15.81,1915627,15.81
3835240,09:48:48,15.81,400,400,1100,S,1917375,15.81,1915627,15.81
3837822,09:48:49,15.81,200,1000,1100,S,1918659,15.81,1915627,15.81
3837823,09:48:49,15.81,800,1000,1800,S,1918659,15.81,1915833,15.81
3843176,09:48:50,15.81,1000,2000,1800,S,1920289,15.81,1915833,15.81
3843177,09:48:50,15.81,1000,2000,1000,S,1920289,15.81,1916844,15.81
3846960,09:48:52,15.81,400,400,3600,S,1921233,15.81,1921859,15.81
3846961,09:48:52,15.81,1500,1500,3600,S,1921728,15.81,1921859,15.81
3847929,09:48:52,15.83,200,1400,200,B,1806150,15.83,1922503,15.83
3854832,09:48:54,15.81,200,200,3600,S,1924811,15.81,1921859,15.81
3854940,09:48:54,15.83,500,1400,500,B,1806150,15.83,1924904,15.83
3856229,09:48:55,15.83,400,1400,400,B,1806150,15.83,1925856,15.83
3857458,09:48:56,15.81,900,900,3600,S,1926693,15.81,1921859,15.81
3858081,09:48:56,15.81,600,1400,3600,S,1927173,15.81,1921859,15.81
3858082,09:48:56,15.81,200,1400,200,S,1927173,15.81,1925024,15.81
3864083,09:48:58,15.8,500,500,500,S,1928572,15.8,1924469,15.8
3868721,09:48:59,15.81,600,1400,1000,B,1927173,15.81,1929854,15.83
3868728,09:48:59,15.81,200,200,1000,B,1927693,15.81,1929854,15.83
3868729,09:48:59,15.83,200,1400,1000,B,1806150,15.83,1929854,15.83
3878077,09:49:02,15.81,100,3000,100,B,1932798,15.81,1933926,15.81
3878885,09:49:03,15.81,2000,3000,2000,B,1932798,15.81,1934566,15.81
3878974,09:49:03,15.81,100,3000,100,B,1932798,15.81,1934641,15.81
3879983,09:49:04,15.8,1000,2000,1000,S,1935543,15.8,1924896,15.8
3879984,09:49:04,15.8,100,2000,100,S,1935543,15.8,1933724,15.8
3879985,09:49:04,15.8,400,2000,400,S,1935543,15.8,1934967,15.8
3882215,09:49:04,15.8,300,2000,300,S,1935543,15.8,1936527,15.8
3886980,09:49:05,15.8,200,2000,200,S,1935543,15.8,1937236,15.8
3887890,09:49:06,15.79,1000,1000,1200,S,1937980,15.79,1917414,15.79
3888699,09:49:06,15.81,800,3000,800,B,1932798,15.81,1938248,15.81
3889527,09:49:06,15.81,1000,1000,1000,B,1934186,15.81,1938809,15.81
3891670,09:49:08,15.8,700,1000,700,S,1940473,15.8,1940003,15.8
3896795,09:49:09,15.8,300,1000,500,S,1940473,15.8,1941906,15.8
3896796,09:49:09,15.8,200,200,500,S,1940776,15.8,1941906,15.8
3897157,09:49:09,15.8,100,100,5000,S,1942171,15.8,1942094,15.8
3897899,09:49:10,15.8,1700,1700,5000,B,1942757,15.8,1942094,15.8
3904857,09:49:12,15.8,100,100,5000,B,1944929,15.8,1942094,15.8
3906127,09:49:13,15.8,100,100,5000,S,1945986,15.8,1942094,15.8
3911030,09:49:15,15.8,100,100,5000,S,1948535,15.8,1942094,15.8
3911324,09:49:15,15.8,100,100,5000,S,1948787,15.8,1942094,15.8
3915999,09:49:16,15.8,300,300,5000,S,1950580,15.8,1942094,15.8
3916007,09:49:16,15.8,400,400,5000,S,1950589,15.8,1942094,15.8
3921281,09:49:18,15.8,2100,5000,5000,S,1952501,15.79,1942094,15.8
3921282,09:49:18,15.8,100,5000,100,S,1952501,15.79,1946840,15.8
3921283,09:49:18,15.8,100,5000,100,S,1952501,15.79,1950443,15.8
3921284,09:49:18,15.79,200,5000,1200,S,1952501,15.79,1917414,15.79
3921285,09:49:18,15.79,2500,5000,12000,S,1952501,15.79,1928867,15.79
3922747,09:49:19,15.79,2500,2500,12000,S,1953814,15.79,1928867,15.79
3923035,09:49:19,15.8,100,1800,100,S,1952529,15.8,1954007,15.8
3924082,09:49:19,15.8,1000,1800,1000,S,1952529,15.8,1954195,15.8
3924206,09:49:19,15.79,100,100,12000,S,1954259,15.79,1928867,15.79
3924987,09:49:20,15.8,700,1800,700,B,1952529,15.8,1954924,15.8
3928699,09:49:20,15.8,200,200,1000,B,1953447,15.8,1955402,15.8
3928700,09:49:20,15.8,500,500,1000,B,1954075,15.8,1955402,15.8
3928701,09:49:20,15.8,200,200,1000,B,1954914,15.8,1955402,15.8
3929015,09:49:20,15.8,100,700,1000,B,1955658,15.8,1955402,15.8
3930897,09:49:22,15.8,600,700,3000,B,1955658,15.8,1957162,15.8
3930898,09:49:22,15.8,400,400,3000,B,1956010,15.8,1957162,15.8
3930899,09:49:22,15.8,2000,2000,3000,B,1956195,15.8,1957162,15.8
3936707,09:49:24,15.8,3900,3900,4200,B,1956424,15.8,1959755,15.8
3936708,09:49:24,15.8,300,500,4200,B,1958808,15.8,1959755,15.8
3940826,09:49:25,15.79,200,200,12000,S,1961088,15.79,1928867,15.79
3942026,09:49:26,15.8,200,500,200,B,1958808,15.8,1962134,15.8
3946766,09:49:27,15.8,400,2000,400,B,1959577,15.8,1963387,15.8
3946879,09:49:27,15.8,1000,2000,1000,B,1959577,15.8,1963516,15.8
3949553,09:49:28,15.8,600,2000,1000,B,1959577,15.8,1964964,15.8
3949554,09:49:28,15.8,400,2000,1000,B,1960428,15.8,1964964,15.8
3954424,09:49:29,15.79,1600,1600,12000,S,1966462,15.79,1928867,15.79
3954844,09:49:30,15.79,200,200,12000,S,1966742,15.79,1928867,15.79
3957555,09:49:30,15.8,800,2000,800,B,1960428,15.8,1967864,15.8
3957610,09:49:30,15.8,600,2000,600,B,1960428,15.8,1967912,15.8
3958861,09:49:31,15.79,300,300,12000,S,1968955,15.79,1928867,15.79
3959028,09:49:31,15.79,100,100,12000,S,1969110,15.79,1928867,15.79
3959114,09:49:32,15.8,200,2000,3800,B,1960428,15.8,1969192,15.8
3959115,09:49:32,15.8,3600,4400,3800,B,1960643,15.8,1969192,15.8
3959180,09:49:32,15.79,1500,1500,12000,S,1969240,15.79,1928867,15.79
3959632,09:49:32,15.79,600,600,12000,S,1969539,15.79,1928867,15.79
3963390,09:49:32,15.79,100,100,12000,S,1970015,15.79,1928867,15.79
3966936,09:49:33,15.8,800,4400,800,B,1960643,15.8,1971356,15.8
3968068,09:49:34,15.79,2300,4100,12000,S,1972300,15.79,1928867,15.79
3968069,09:49:34,15.79,200,4100,200,S,1972300,15.79,1929274,15.79
3968070,09:49:34,15.79,200,4100,200,S,1972300,15.79,1929507,15.79
3968071,09:49:34,15.79,400,4100,400,S,1972300,15.79,1942605,15.79
3968072,09:49:34,15.79,1000,4100,1000,S,1972300,15.79,1953708,15.79
3968904,09:49:35,15.8,100,700,100,B,1962200,15.8,1972938,15.8
3972881,09:49:35,15.79,200,200,20000,S,1973696,15.79,1954255,15.79
3972896,09:49:35,15.79,300,300,20000,S,1973703,15.79,1954255,15.79
3973648,09:49:36,15.79,100,100,20000,S,1974327,15.79,1954255,15.79
3978286,09:49:38,15.79,1000,1000,20000,S,1976290,15.79,1954255,15.79
3982472,09:49:38,15.8,600,700,2000,B,1962200,15.8,1976799,15.8
3982473,09:49:38,15.8,1400,11900,2000,B,1962671,15.8,1976799,15.8
3983019,09:49:38,15.79,2000,2000,20000,S,1976957,15.79,1954255,15.79
3983034,09:49:38,15.79,3500,3500,20000,S,1976966,15.79,1954255,15.79
3983937,09:49:39,15.8,300,11900,300,B,1962671,15.8,1977777,15.8
3984093,09:49:39,15.79,500,500,20000,S,1977851,15.79,1954255,15.79
3985841,09:49:40,15.79,100,100,20000,S,1978387,15.79,1954255,15.79
3986472,09:49:40,15.79,3000,3000,20000,S,1978843,15.79,1954255,15.79
3986819,09:49:40,15.79,200,200,20000,S,1979088,15.79,1954255,15.79
3987095,09:49:40,15.79,2000,2000,20000,S,1979331,15.79,1954255,15.79
3987191,09:49:41,15.8,200,11900,200,B,1962671,15.8,1979409,15.8
3988428,09:49:41,15.79,400,400,20000,S,1980429,15.79,1954255,15.79
3992470,09:49:42,15.8,10000,11900,30000,B,1962671,15.8,1981170,15.8
3992471,09:49:42,15.8,2400,2400,30000,B,1962901,15.8,1981170,15.8
3992472,09:49:42,15.8,1100,1100,30000,B,1964043,15.8,1981170,15.8
3992473,09:49:42,15.8,100,100,30000,B,1965669,15.8,1981170,15.8
3992474,09:49:42,15.8,500,500,30000,B,1968926,15.8,1981170,15.8
3992475,09:49:42,15.8,200,200,30000,B,1970003,15.8,1981170,15.8
3992476,09:49:42,15.8,100,100,30000,B,1972284,15.8,1981170,15.8
3992477,09:49:42,15.8,900,900,30000,B,1974095,15.8,1981170,15.8
3992478,09:49:42,15.8,400,400,30000,B,1974619,15.8,1981170,15.8
3992479,09:49:42,15.8,100,100,30000,B,1978120,15.8,1981170,15.8
3994543,09:49:43,15.8,100,100,30000,B,1982155,15.8,1981170,15.8
3996003,09:49:44,15.8,800,800,30000,B,1983356,15.8,1981170,15.8
4000445,09:49:45,15.8,600,600,30000,B,1984563,15.8,1981170,15.8
4000943,09:49:45,15.8,3200,3200,30000,B,1984999,15.8,1981170,15.8
4001009,09:49:45,15.8,1900,1900,30000,S,1985044,15.8,1981170,15.8
4002913,09:49:46,15.8,3600,3600,30000,S,1986059,15.8,1981170,15.8
4003888,09:49:47,15.8,300,300,30000,S,1986705,15.8,1981170,15.8
4004509,09:49:47,15.8,500,500,30000,S,1987257,15.8,1981170,15.8
4010723,09:49:48,15.8,800,800,30000,S,1988795,15.8,1981170,15.8
4011185,09:49:49,15.8,200,200,30000,S,1989140,15.8,1981170,15.8
4011266,09:49:49,15.8,500,500,30000,S,1989218,15.8,1981170,15.8
4011799,09:49:49,15.8,1000,1000,30000,S,1989569,15.8,1981170,15.8
4012124,09:49:49,15.8,100,100,30000,S,1989819,15.8,1981170,15.8
4012160,09:49:49,15.8,500,500,30000,S,1989843,15.8,1981170,15.8
4016309,09:49:50,15.8,100,2600,30000,S,1990681,15.8,1981170,15.8
4016310,09:49:50,15.8,100,2600,100,S,1990681,15.8,1981189,15.8
4016311,09:49:50,15.8,500,2600,500,S,1990681,15.8,1981787,15.8
4016312,09:49:50,15.8,500,2600,500,S,1990681,15.8,1985015,15.8
4016313,09:49:50,15.8,1400,2600,3600,S,1990681,15.8,1986208,15.8
4016406,09:49:50,15.8,100,100,3600,S,1990773,15.8,1986208,15.8
4018424,09:49:51,15.8,100,100,3600,S,1991230,15.8,1986208,15.8
4018826,09:49:51,15.8,500,500,3600,S,1991529,15.8,1986208,15.8
4019722,09:49:52,15.8,100,100,3600,S,1992301,15.8,1986208,15.8
4019768,09:49:52,15.8,1400,6000,3600,S,1992334,15.79,1986208,15.8
4019769,09:49:52,15.8,500,6000,500,S,1992334,15.79,1990992,15.8
4019770,09:49:52,15.79,4100,6000,20000,S,1992334,15.79,1954255,15.79
4019889,09:49:52,15.81,100,800,100,B,1939397,15.81,1992399,15.81
4026128,09:49:54,15.8,1000,1600,1000,B,1992603,15.8,1994938,15.8
4026635,09:49:54,15.8,600,1600,1000,B,1992603,15.8,1995270,15.8
4026636,09:49:54,15.8,400,3000,1000,B,1992989,15.8,1995270,15.8
4027024,09:49:54,15.79,2600,3100,20000,S,1995624,15.79,1954255,15.79
4027025,09:49:54,15.79,500,3100,10000,S,1995624,15.79,1961414,15.79
4028851,09:49:55,15.79,100,100,10000,S,1995800,15.79,1961414,15.79
4033082,09:49:56,15.8,500,3000,500,B,1992989,15.8,1997040,15.8
4033532,09:49:56,15.8,100,3000,100,B,1992989,15.8,1997413,15.8
4036467,09:49:57,15.8,1900,3000,1900,B,1992989,15.8,1998362,15.8
4038658,09:49:58,15.8,100,3000,200,B,1992989,15.8,2000229,15.8
4038659,09:49:58,15.8,100,200,200,B,1993251,15.8,2000229,15.8
4042825,09:49:59,15.79,200,200,10000,S,2001136,15.79,1961414,15.79
4042890,09:49:59,15.8,100,200,100,B,1993251,15.8,2001193,15.8
4042906,09:49:59,15.79,500,500,10000,S,2001214,15.79,1961414,15.79
4045642,09:50:00,15.79,1500,1500,10000,S,2002269,15.79,1961414,15.79
4046239,09:50:00,15.8,1000,1900,1000,B,1994223,15.8,2002742,15.8
4046267,09:50:00,15.8,900,1900,900,B,1994223,15.8,2002764,15.8
4048199,09:50:02,15.79,300,300,10000,S,2004276,15.79,1961414,15.79
4051475,09:50:02,15.79,2400,2400,10000,S,2004417,15.79,1961414,15.79
4052139,09:50:02,15.8,200,21100,200,B,1994760,15.8,2004935,15.8
4052649,09:50:02,15.79,500,500,10000,S,2005235,15.79,1961414,15.79
4053908,09:50:03,15.79,1000,1000,10000,S,2005571,15.79,1961414,15.79
4053930,09:50:03,15.8,100,21100,100,B,1994760,15.8,2005586,15.8
4055167,09:50:03,15.8,500,21100,500,B,1994760,15.8,2006601,15.8
4055391,09:50:04,15.79,700,700,10000,S,2006795,15.79,1961414,15.79
4055817,09:50:04,15.79,300,300,10000,S,2007129,15.79,1961414,15.79
4055842,09:50:04,15.79,1600,1600,10000,S,2007160,15.79,1961414,15.79
4056909,09:50:05,15.8,300,21100,300,B,1994760,15.8,2008082,15.8
4061617,09:50:06,15.79,100,100,10000,S,2009433,15.79,1961414,15.79
4062837,09:50:06,15.79,300,4000,10000,S,2010473,15.79,1961414,15.79
4062838,09:50:06,15.79,400,4000,400,S,2010473,15.79,1961563,15.79
4062839,09:50:06,15.79,3000,4000,3000,S,2010473,15.79,1962290,15.79
4062840,09:50:06,15.79,300,4000,8300,S,2010473,15.79,1963453,15.79
4065977,09:50:08,15.79,100,100,8300,S,2012114,15.79,1963453,15.79
4069761,09:50:08,15.8,20000,21100,35000,B,1994760,15.8,2012497,15.8
4069762,09:50:08,15.8,100,100,35000,B,1996140,15.8,2012497,15.8
4069763,09:50:08,15.8,200,200,35000,B,1996554,15.8,2012497,15.8
4069764,09:50:08,15.8,300,300,35000,B,1997915,15.8,2012497,15.8
4069765,09:50:08,15.8,300,300,35000,B,1998481,15.8,2012497,15.8
4069766,09:50:08,15.8,200,200,35000,B,2001263,15.8,2012497,15.8
4069767,09:50:08,15.8,300,300,35000,B,2001577,15.8,2012497,15.8
4069768,09:50:08,15.8,300,300,35000,B,2004408,15.8,2012497,15.8
4069769,09:50:08,15.8,100,100,35000,B,2009566,15.8,2012497,15.8
4069994,09:50:08,15.8,100,100,35000,B,2012710,15.8,2012497,15.8
4071145,09:50:09,15.8,100,100,35000,B,2013405,15.8,2012497,15.8
4071151,09:50:09,15.8,100,100,35000,B,2013414,15.8,2012497,15.8
4072420,09:50:10,15.8,1600,1600,35000,S,2014531,15.8,2012497,15.8
4073488,09:50:10,15.8,1500,1500,35000,S,2014769,15.8,2012497,15.8
4073520,09:50:10,15.8,700,700,35000,S,2014789,15.8,2012497,15.8
4078364,09:50:11,15.8,100,100,35000,S,2016102,15.8,2012497,15.8
4079170,09:50:12,15.8,1100,1100,35000,S,2016750,15.8,2012497,15.8
4080982,09:50:12,15.8,600,600,35000,S,2017570,15.8,2012497,15.8
4081059,09:50:12,15.8,900,900,35000,S,2017652,15.8,2012497,15.8
4081362,09:50:13,15.8,700,700,35000,S,2017917,15.8,2012497,15.8
4082352,09:50:13,15.8,100,100,35000,S,2018687,15.8,2012497,15.8
4082505,09:50:13,15.81,700,800,700,B,1939397,15.81,2018849,15.81
4083329,09:50:14,15.8,5600,5800,35000,S,2019547,15.8,2012497,15.8
4083330,09:50:14,15.8,200,5800,200,S,2019547,15.8,2012578,15.8
4086850,09:50:14,15.8,500,500,1100,S,2019928,15.8,2016280,15.8
4087444,09:50:15,15.8,600,18000,1100,S,2020425,15.8,2016280,15.8
4087445,09:50:15,15.8,200,18000,200,S,2020425,15.8,2017314,15.8
4087446,09:50:15,15.8,4700,18000,4700,S,2020425,15.8,2019560,15.8
4087585,09:50:15,15.79,3000,3000,8300,S,2020530,15.79,1963453,15.79
4088689,09:50:15,15.8,400,18000,400,S,2020425,15.8,2021416,15.8
4089214,09:50:16,15.79,300,300,8300,S,2021799,15.79,1963453,15.79
4089304,09:50:16,15.79,500,500,8300,S,2021884,15.79,1963453,15.79
4091505,09:50:17,15.8,100,18000,100,B,2020425,15.8,2022925,15.8
4096315,09:50:18,15.8,100,18000,100,B,2020425,15.8,2024019,15.8
4097274,09:50:18,15.8,300,18000,300,B,2020425,15.8,2024806,15.8
4108373,09:50:23,15.8,7300,18000,7300,B,2020425,15.8,2029934,15.8
4109015,09:50:23,15.79,1000,1000,8300,S,2030427,15.79,1963453,15.79
4112703,09:50:23,15.79,900,900,8300,S,2030942,15.79,1963453,15.79
4113518,09:50:24,15.8,1200,18000,1200,B,2020425,15.8,2031548,15.8
4116784,09:50:25,15.79,2200,5600,8300,S,2033147,15.79,1963453,15.79
4116785,09:50:25,15.79,3400,5600,10000,S,2033147,15.79,1967788,15.79
4116874,09:50:25,15.79,1100,1100,10000,S,2033208,15.79,1967788,15.79
4116977,09:50:25,15.79,500,500,10000,S,2033340,15.79,1967788,15.79
4117145,09:50:26,15.8,1000,18000,1000,B,2020425,15.8,2033462,15.8
4121237,09:50:26,15.8,500,18000,500,B,2020425,15.8,2034397,15.8
4121655,09:50:27,15.8,1600,18000,3500,B,2020425,15.8,2034791,15.8
4121656,09:50:27,15.8,1900,5200,3500,B,2020658,15.8,2034791,15.8
4121712,09:50:27,15.79,1400,1400,10000,S,2034835,15.79,1967788,15.79
4122023,09:50:27,15.79,2800,2800,10000,S,2035022,15.79,1967788,15.79
4122048,09:50:27,15.79,800,4200,10000,S,2035055,15.79,1967788,15.79
4122049,09:50:27,15.79,300,4200,300,S,2035055,15.79,1973904,15.79
4122050,09:50:27,15.79,100,4200,100,S,2035055,15.79,1978293,15.79
4122051,09:50:27,15.79,1000,4200,1000,S,2035055,15.79,1993830,15.79
4122052,09:50:27,15.79,300,4200,300,S,2035055,15.79,1997108,15.79
4122053,09:50:27,15.79,200,4200,200,S,2035055,15.79,2003577,15.79
4122054,09:50:27,15.79,1000,4200,1000,S,2035055,15.79,2009923,15.79
4122055,09:50:27,15.79,300,4200,300,S,2035055,15.79,2011635,15.79
4122056,09:50:27,15.79,200,4200,3000,S,2035055,15.79,2011998,15.79
4122134,09:50:27,15.8,200,5200,200,B,2020658,15.8,2035110,15.8
4125463,09:50:28,15.8,2500,5200,2500,B,2020658,15.8,2036884,15.8
4126387,09:50:29,15.79,2800,3000,3000,S,2037712,15.79,2011998,15.79
4126388,09:50:29,15.79,200,3000,200,S,2037712,15.79,2013370,15.79
4130076,09:50:29,15.8,200,5200,200,B,2020658,15.8,2038174,15.8
4130572,09:50:30,15.79,200,200,300,S,2038617,15.79,2014442,15.79
4131307,09:50:30,15.79,100,300,300,S,2039219,15.79,2014442,15.79
4131308,09:50:30,15.79,200,300,3400,S,2039219,15.79,2027573,15.79
4131789,09:50:31,15.79,200,200,3400,S,2039662,15.79,2027573,15.79
4132400,09:50:31,15.79,1300,1300,3400,S,2040053,15.79,2027573,15.79
4132405,09:50:31,15.79,100,100,3400,S,2040058,15.79,2027573,15.79
4134473,09:50:31,15.79,200,200,3400,S,2040435,15.79,2027573,15.79
4134615,09:50:31,15.79,200,200,3400,S,2040571,15.79,2027573,15.79
4134836,09:50:32,15.79,1200,2000,3400,S,2040757,15.79,2027573,15.79
4134837,09:50:32,15.79,800,2000,1000,S,2040757,15.79,2030398,15.79
4135325,09:50:32,15.79,200,500,1000,S,2041113,15.79,2030398,15.79
4135512,09:50:32,15.78,200,200,1600,S,2041279,15.78,1893399,15.78
4142040,09:50:34,15.78,1400,2000,1600,S,2043438,15.78,1893399,15.78
4142041,09:50:34,15.78,600,2000,88800,S,2043438,15.78,1918314,15.78
4142106,09:50:34,15.79,300,500,1000,B,2041113,15.79,2043469,15.79
4142107,09:50:34,15.79,700,4000,1000,B,2041802,15.79,2043469,15.79
4142548,09:50:34,15.78,2800,2800,88800,S,2043701,15.78,1918314,15.78
4142661,09:50:34,15.79,100,4000,100,B,2041802,15.79,2043801,15.79
4143843,09:50:35,15.78,6400,6400,88800,S,2044722,15.78,1918314,15.78
4151875,09:50:38,15.78,2300,2300,88800,S,2048016,15.78,1918314,15.78
4155696,09:50:39,15.78,400,400,88800,S,2048670,15.78,1918314,15.78
4155975,09:50:39,15.79,1000,4000,1000,B,2041802,15.79,2048930,15.79
4158281,09:50:39,15.79,1000,4000,1000,B,2041802,15.79,2049572,15.79
4158606,09:50:40,15.78,100,100,88800,S,2049919,15.78,1918314,15.78
4158737,09:50:40,15.78,600,600,88800,S,2050026,15.78,1918314,15.78
4160845,09:50:41,15.78,1500,1500,88800,S,2051662,15.78,1918314,15.78
4167898,09:50:43,15.79,700,4000,700,B,2041802,15.79,2053639,15.79
4168685,09:50:43,15.79,100,4000,100,B,2041802,15.79,2054290,15.79
4169108,09:50:44,15.78,1600,1600,88800,S,2054727,15.78,1918314,15.78
4169559,09:50:44,15.78,200,200,88800,S,2055161,15.78,1918314,15.78
4169934,09:50:44,15.79,200,4000,200,B,2041802,15.79,2055476,15.79
4173643,09:50:45,15.78,100,100,88800,S,2056053,15.78,1918314,15.78
4173926,09:50:45,15.78,400,400,88800,S,2056331,15.78,1918314,15.78
4174136,09:50:45,15.78,1500,1500,88800,S,2056556,15.78,1918314,15.78
4174550,09:50:45,15.78,100,100,88800,S,2056898,15.78,1918314,15.78
4176023,09:50:45,15.78,500,500,88800,S,2056963,15.78,1918314,15.78
4176676,09:50:46,15.78,4100,4100,88800,S,2057497,15.78,1918314,15.78
4177765,09:50:47,15.78,2800,2800,88800,S,2058336,15.78,1918314,15.78
4178179,09:50:47,15.79,200,4000,2000,B,2041802,15.79,2058633,15.79
4178180,09:50:47,15.79,400,400,2000,B,2041897,15.79,2058633,15.79
4178181,09:50:47,15.79,200,200,2000,B,2042085,15.79,2058633,15.79
4178182,09:50:47,15.79,100,100,2000,B,2042176,15.79,2058633,15.79
4178183,09:50:47,15.79,1100,5300,2000,B,2042546,15.79,2058633,15.79
4178221,09:50:47,15.78,200,200,88800,S,2058678,15.78,1918314,15.78
4178381,09:50:47,15.78,29500,29500,88800,S,2058767,15.78,1918314,15.78
4183392,09:50:48,15.79,1000,5300,1000,B,2042546,15.79,2059764,15.79
4183404,09:50:48,15.78,300,300,88800,S,2059770,15.78,1918314,15.78
4184351,09:50:48,15.78,100,100,88800,S,2060674,15.78,1918314,15.78
4184485,09:50:48,15.78,1400,1400,88800,S,2060837,15.78,1918314,15.78
4185362,09:50:49,15.79,300,5300,300,B,2042546,15.79,2061549,15.79
4185810,09:50:49,15.79,100,5300,100,B,2042546,15.79,2061924,15.79
4185891,09:50:49,15.79,600,5300,600,B,2042546,15.79,2061963,15.79
4189469,09:50:50,15.79,1000,5300,1000,B,2042546,15.79,2062385,15.79
4189793,09:50:50,15.78,4000,4000,88800,S,2062715,15.78,1918314,15.78
4191780,09:50:51,15.78,17200,17200,88800,S,2063272,15.78,1918314,15.78
4191819,09:50:51,15.79,100,5300,100,B,2042546,15.79,2063298,15.79
4192446,09:50:51,15.78,1000,1000,88800,S,2063866,15.78,1918314,15.78
4192566,09:50:51,15.78,300,300,88800,S,2063941,15.78,1918314,15.78
4194643,09:50:52,15.78,1300,1300,88800,S,2065530,15.78,1918314,15.78
4198448,09:50:53,15.78,100,100,88800,S,2066123,15.78,1918314,15.78
4198538,09:50:53,15.78,6500,6500,88800,S,2066173,15.78,1918314,15.78
4198663,09:50:53,15.78,200,200,88800,S,2066289,15.78,1918314,15.78
4199020,09:50:53,15.78,400,400,88800,S,2066580,15.78,1918314,15.78
4199911,09:50:54,15.78,300,600,88800,S,2067305,15.78,1918314,15.78
4199912,09:50:54,15.78,300,600,1100,S,2067305,15.78,1920156,15.78
4200330,09:50:54,15.79,100,5300,100,B,2042546,15.79,2067717,15.79
4200375,09:50:54,15.78,800,900,1100,S,2067734,15.78,1920156,15.78
4200376,09:50:54,15.78,100,900,1000,S,2067734,15.78,1930390,15.78
4202680,09:50:55,15.78,500,500,1000,S,2068229,15.78,1930390,15.78
4202857,09:50:55,15.78,400,1000,1000,S,2068376,15.78,1930390,15.78
4202858,09:50:55,15.78,100,1000,100,S,2068376,15.78,1984552,15.78
4202859,09:50:55,15.78,200,1000,200,S,2068376,15.78,2017183,15.78
4202860,09:50:55,15.78,300,1000,300,S,2068376,15.78,2053509,15.78
4202924,09:50:55,15.78,100,600,100,S,2068441,15.78,2054672,15.78
4202925,09:50:55,15.78,500,600,500,S,2068441,15.78,2054735,15.78
4203085,09:50:55,15.78,300,3100,300,S,2068573,15.78,2056483,15.78
4203086,09:50:55,15.78,2800,3100,18800,S,2068573,15.78,2060467,15.78
4203098,09:50:55,15.78,1000,1000,18800,S,2068584,15.78,2060467,15.78
4203886,09:50:56,15.78,600,600,18800,S,2069394,15.78,2060467,15.78
4207790,09:50:56,15.78,1100,1100,18800,S,2070197,15.78,2060467,15.78
4208303,09:50:57,15.78,500,500,18800,S,2070630,15.78,2060467,15.78
4208494,09:50:57,15.78,500,500,18800,S,2070823,15.78,2060467,15.78
4209428,09:50:57,15.79,100,5300,100,B,2042546,15.79,2071577,15.79
4210408,09:50:58,15.78,5000,5000,18800,S,2071939,15.78,2060467,15.78
4211220,09:50:58,15.78,7300,8500,18800,S,2072680,15.78,2060467,15.78
4211221,09:50:58,15.78,700,8500,700,S,2072680,15.78,2060753,15.78
4215943,09:50:59,15.78,500,8500,1300,S,2072680,15.78,2073821,15.78
4215944,09:50:59,15.78,100,100,1300,S,2072738,15.78,2073821,15.78
4215945,09:50:59,15.78,700,2500,1300,S,2073461,15.78,2073821,15.78
4216313,09:50:59,15.77,400,400,1000,S,2074119,15.77,1903755,15.77
4219705,09:51:01,15.77,100,100,1000,S,2075820,15.77,1903755,15.77
4220153,09:51:01,15.77,500,3000,1000,S,2076220,15.77,1903755,15.77
4220154,09:51:01,15.77,200,3000,200,S,2076220,15.77,1906446,15.77
4220155,09:51:01,15.77,2300,3000,25000,S,2076220,15.77,1911923,15.77
4228616,09:51:03,15.77,1500,1500,25000,S,2078988,15.77,1911923,15.77
4230001,09:51:04,15.77,200,200,25000,S,2080140,15.77,1911923,15.77
4234054,09:51:05,15.77,300,300,25000,S,2080980,15.77,1911923,15.77
4234437,09:51:05,15.77,1100,1100,25000,S,2081339,15.77,1911923,15.77
4234863,09:51:06,15.78,1800,2500,10000,B,2073461,15.78,2081658,15.78
4234864,09:51:06,15.78,100,100,10000,B,2074373,15.78,2081658,15.78
4234865,09:51:06,15.78,7200,7200,10000,B,2074860,15.78,2081658,15.78
4234866,09:51:06,15.78,300,300,10000,B,2074931,15.78,2081658,15.78
4234867,09:51:06,15.78,600,900,10000,B,2075090,15.78,2081658,15.78
4240805,09:51:07,15.77,800,800,25000,S,2083441,15.77,1911923,15.77
4242317,09:51:08,15.77,300,300,25000,S,2084613,15.77,1911923,15.77
4242590,09:51:08,15.77,600,600,25000,S,2084845,15.77,1911923,15.77
4243749,09:51:09,15.77,400,400,25000,S,2085785,15.77,1911923,15.77
4246758,09:51:10,15.77,100,100,25000,S,2087275,15.77,1911923,15.77
4246859,09:51:10,15.77,600,600,25000,S,2087360,15.77,1911923,15.77
4246896,09:51:10,15.77,200,200,25000,S,2087381,15.77,1911923,15.77
4247252,09:51:11,15.77,1000,1000,25000,S,2087652,15.77,1911923,15.77
4247257,09:51:11,15.77,900,900,25000,S,2087660,15.77,1911923,15.77
4251412,09:51:11,15.77,800,800,25000,S,2088450,15.77,1911923,15.77
4253231,09:51:12,15.77,300,300,25000,S,2089200,15.77,1911923,15.77
4253326,09:51:12,15.78,100,900,100,B,2075090,15.78,2089276,15.78
4253980,09:51:12,15.78,100,900,100,B,2075090,15.78,2089864,15.78
4254708,09:51:13,15.77,4100,4100,25000,S,2090328,15.77,1911923,15.77
4255216,09:51:13,15.78,100,900,1500,B,2075090,15.78,2090763,15.78
4255217,09:51:13,15.78,500,500,1500,B,2076325,15.78,2090763,15.78
4255218,09:51:13,15.78,300,300,1500,B,2076678,15.78,2090763,15.78
4255219,09:51:13,15.78,200,200,1500,B,2077040,15.78,2090763,15.78
4255220,09:51:13,15.78,400,700,1500,B,2077367,15.78,2090763,15.78
4255511,09:51:13,15.77,200,200,25000,S,2091039,15.77,1911923,15.77
4255796,09:51:14,15.78,200,700,200,B,2077367,15.78,2091253,15.78
4258046,09:51:14,15.77,3000,3000,25000,S,2091761,15.77,1911923,15.77
4258469,09:51:14,15.77,100,100,25000,S,2092125,15.77,1911923,15.77
4258753,09:51:15,15.77,800,800,25000,S,2092398,15.77,1911923,15.77
4258813,09:51:15,15.77,100,100,25000,S,2092439,15.77,1911923,15.77
4259143,09:51:15,15.77,300,300,25000,S,2092754,15.77,1911923,15.77
4259228,09:51:15,15.78,100,700,26800,B,2077367,15.78,2092819,15.79
4259229,09:51:15,15.78,100,100,26800,B,2078248,15.78,2092819,15.79
4259230,09:51:15,15.78,2800,2800,26800,B,2078411,15.78,2092819,15.79
4259231,09:51:15,15.78,800,800,26800,B,2079653,15.78,2092819,15.79
4259232,09:51:15,15.78,500,500,26800,B,2080449,15.78,2092819,15.79
4259233,09:51:15,15.78,100,100,26800,B,2083227,15.78,2092819,15.79
4259234,09:51:15,15.78,300,300,26800,B,2084171,15.78,2092819,15.79
4259235,09:51:15,15.78,300,300,26800,B,2088689,15.78,2092819,15.79
4259236,09:51:15,15.78,500,500,26800,B,2091090,15.78,2092819,15.79
4259237,09:51:15,15.78,300,300,26800,B,2091455,15.78,2092819,15.79
4259238,09:51:15,15.78,500,500,26800,B,2092059,15.78,2092819,15.79
4259239,09:51:15,15.78,2500,2500,26800,B,2092549,15.78,2092819,15.79
4259240,09:51:15,15.79,900,5300,26800,B,2042546,15.79,2092819,15.79
4259241,09:51:15,15.79,2000,2000,26800,B,2042600,15.79,2092819,15.79
4259242,09:51:15,15.79,200,200,26800,B,2042782,15.79,2092819,15.79
4259243,09:51:15,15.79,1800,1800,26800,B,2043528,15.79,2092819,15.79
4259244,09:51:15,15.79,2100,2100,26800,B,2044725,15.79,2092819,15.79
4259245,09:51:15,15.79,1000,1000,26800,B,2045062,15.79,2092819,15.79
4259246,09:51:15,15.79,900,900,26800,B,2045879,15.79,2092819,15.79
4259247,09:51:15,15.79,100,100,26800,B,2048286,15.79,2092819,15.79
4259248,09:51:15,15.79,900,900,26800,B,2050347,15.79,2092819,15.79
4259249,09:51:15,15.79,600,600,26800,B,2053521,15.79,2092819,15.79
4259250,09:51:15,15.79,2400,2400,26800,B,2055836,15.79,2092819,15.79
4259251,09:51:15,15.79,800,800,26800,B,2066086,15.79,2092819,15.79
4259252,09:51:15,15.79,100,100,26800,B,2066364,15.79,2092819,15.79
4259253,09:51:15,15.79,500,500,26800,B,2073544,15.79,2092819,15.79
4259254,09:51:15,15.79,1000,1000,26800,B,2073876,15.79,2092819,15.79
4259255,09:51:15,15.79,2000,2000,26800,B,2076905,15.79,2092819,15.79
4259256,09:51:15,15.79,700,1000,26800,B,2077670,15.79,2092819,15.79
4259300,09:51:15,15.77,500,500,25000,S,2092897,15.77,1911923,15.77
4262806,09:51:15,15.77,800,800,25000,S,2093602,15.77,1911923,15.77
4262910,09:51:16,15.77,3700,17700,25000,S,2093706,15.77,1911923,15.77
4262911,09:51:16,15.77,100,17700,100,S,2093706,15.77,1992666,15.77
4262912,09:51:16,15.77,100,17700,100,S,2093706,15.77,2054187,15.77
4262913,09:51:16,15.77,5000,17700,5000,S,2093706,15.77,2073750,15.77
4262914,09:51:16,15.77,300,17700,300,S,2093706,15.77,2078892,15.77
4262915,09:51:16,15.77,200,17700,200,S,2093706,15.77,2082304,15.77
4262916,09:51:16,15.77,200,17700,200,S,2093706,15.77,2086382,15.77
4262917,09:51:16,15.77,100,17700,100,S,2093706,15.77,2089103,15.77
4262918,09:51:16,15.77,200,17700,200,S,2093706,15.77,2093444,15.77
4271982,09:51:19,15.76,900,900,20000,S,2097503,15.76,1526870,15.76
4272577,09:51:19,15.77,700,17700,700,B,2093706,15.77,2098085,15.77
4281629,09:51:23,15.76,500,500,20000,S,2101931,15.76,1526870,15.76
4288972,09:51:25,15.76,1600,1600,20000,S,2104737,15.76,1526870,15.76
4289806,09:51:26,15.76,300,300,20000,S,2105432,15.76,1526870,15.76
4289825,09:51:26,15.76,600,600,20000,S,2105444,15.76,1526870,15.76
4289931,09:51:26,15.76,800,800,20000,S,2105503,15.76,1526870,15.76
4289970,09:51:26,15.76,500,500,20000,S,2105531,15.76,1526870,15.76
4289987,09:51:26,15.77,600,17700,600,B,2093706,15.77,2105555,15.77
4293940,09:51:27,15.76,200,200,20000,S,2106285,15.76,1526870,15.76
4294123,09:51:27,15.77,500,17700,500,B,2093706,15.77,2106396,15.77
4294346,09:51:27,15.76,100,100,20000,S,2106633,15.76,1526870,15.76
4297616,09:51:29,15.76,400,400,20000,S,2108244,15.76,1526870,15.76
4298410,09:51:29,15.76,500,500,20000,S,2108836,15.76,1526870,15.76
4302412,09:51:30,15.76,300,300,20000,S,2109570,15.76,1526870,15.76
4302668,09:51:30,15.76,200,200,20000,S,2109784,15.76,1526870,15.76
4304230,09:51:30,15.76,1000,1000,20000,S,2110315,15.76,1526870,15.76
4305765,09:51:31,15.76,500,500,20000,S,2111533,15.76,1526870,15.76
4306694,09:51:32,15.77,800,17700,800,B,2093706,15.77,2112413,15.77
4310249,09:51:32,15.76,100,100,20000,S,2112776,15.76,1526870,15.76
4310593,09:51:33,15.76,7100,13500,20000,S,2113119,15.76,1526870,15.76
4310594,09:51:33,15.76,5000,13500,5000,S,2113119,15.76,1529587,15.76
4310595,09:51:33,15.76,500,13500,500,S,2113119,15.76,1538415,15.76
4310596,09:51:33,15.76,500,13500,500,S,2113119,15.76,1573271,15.76
4310597,09:51:33,15.76,400,13500,1200,S,2113119,15.76,1599854,15.76
4311183,09:51:33,15.76,100,100,1200,S,2113647,15.76,1599854,15.76
4312349,09:51:34,15.76,700,800,1200,S,2114573,15.76,1599854,15.76
4312350,09:51:34,15.76,100,800,200,S,2114573,15.76,1638932,15.76
4312377,09:51:34,15.76,100,900,200,S,2114599,15.76,1638932,15.76
4312378,09:51:34,15.76,500,900,500,S,2114599,15.76,1640230,15.76
4312379,09:51:34,15.76,100,900,100,S,2114599,15.76,1640292,15.76
4312380,09:51:34,15.76,200,900,1000,S,2114599,15.76,1856912,15.76
4314617,09:51:35,15.77,1000,17700,1000,B,2093706,15.77,2115522,15.77
4314763,09:51:35,15.77,4200,17700,20000,B,2093706,15.77,2115629,15.77
4314764,09:51:35,15.77,500,500,20000,B,2093991,15.77,2115629,15.77
4314765,09:51:35,15.77,100,100,20000,B,2095107,15.77,2115629,15.77
4314766,09:51:35,15.77,3700,3700,20000,B,2095452,15.77,2115629,15.77
4314767,09:51:35,15.77,3100,3100,20000,B,2096866,15.77,2115629,15.77
4314768,09:51:35,15.77,2000,2000,20000,B,2098949,15.77,2115629,15.77
4314769,09:51:35,15.77,1000,1000,20000,B,2099512,15.77,2115629,15.77
4314770,09:51:35,15.77,200,200,20000,B,2101342,15.77,2115629,15.77
4314771,09:51:35,15.77,5200,10000,20000,B,2101721,15.77,2115629,15.77
4315248,09:51:35,15.76,200,200,1000,S,2115987,15.76,1856912,15.76
4317983,09:51:36,15.77,4800,10000,5000,B,2101721,15.77,2116540,15.77
4317984,09:51:36,15.77,200,2200,5000,B,2104432,15.77,2116540,15.77
4321129,09:51:37,15.76,600,700,1000,S,2117749,15.76,1856912,15.76
4321130,09:51:37,15.76,100,700,100,S,2117749,15.76,1890770,15.76
4321173,09:51:37,15.76,100,200,100,S,2117783,15.76,1891315,15.76
4321174,09:51:37,15.76,100,200,300,S,2117783,15.76,1893927,15.76
4321784,09:51:37,15.76,200,200,300,S,2118336,15.76,1893927,15.76
4321993,09:51:37,15.76,100,100,200,S,2118510,15.76,1893967,15.76
4322184,09:51:38,15.76,100,500,200,S,2118645,15.76,1893967,15.76
4322185,09:51:38,15.76,200,500,200,S,2118645,15.76,1897904,15.76
4322186,09:51:38,15.76,200,500,2100,S,2118645,15.76,1901517,15.76
4322241,09:51:38,15.76,1000,1000,2100,S,2118702,15.76,1901517,15.76
4322909,09:51:38,15.76,900,1700,2100,S,2119162,15.76,1901517,15.76
4322910,09:51:38,15.76,500,1700,500,S,2119162,15.76,1919205,15.76
4322911,09:51:38,15.76,300,1700,600,S,2119162,15.76,2013189,15.76
4326954,09:51:39,15.76,300,2000,600,S,2119735,15.76,2013189,15.76
4326955,09:51:39,15.76,100,2000,100,S,2119735,15.76,2104154,15.76
4329238,09:51:40,15.75,300,4000,500,S,2121343,15.75,1500274,15.75
4329239,09:51:40,15.75,600,4000,600,S,2121343,15.75,1500964,15.75
4329240,09:51:40,15.75,1000,4000,1000,S,2121343,15.75,1505827,15.75
4329241,09:51:40,15.75,500,4000,500,S,2121343,15.75,1512404,15.75
4329242,09:51:40,15.75,1000,4000,1000,S,2121343,15.75,1518881,15.75
4329243,09:51:40,15.75,500,4000,500,S,2121343,15.75,1528650,15.75
4329244,09:51:40,15.75,100,4000,200,S,2121343,15.75,1532120,15.75
4330338,09:51:41,15.76,1600,2000,7000,B,2119735,15.76,2122327,15.77
4330339,09:51:41,15.76,300,300,7000,B,2121396,15.76,2122327,15.77
4330340,09:51:41,15.76,200,200,7000,B,2122207,15.76,2122327,15.77
4330341,09:51:41,15.77,2000,2200,7000,B,2104432,15.77,2122327,15.77
4330342,09:51:41,15.77,400,400,7000,B,2109491,15.77,2122327,15.77
4330343,09:51:41,15.77,2500,3500,7000,B,2110840,15.77,2122327,15.77
4334369,09:51:42,15.76,200,200,600,S,2123131,15.76,2122417,15.76
4334789,09:51:42,15.76,400,1000,600,S,2123345,15.75,2122417,15.76
4334790,09:51:42,15.75,100,1000,200,S,2123345,15.75,1532120,15.75
4334791,09:51:42,15.75,200,1000,200,S,2123345,15.75,1558948,15.75
4334792,09:51:42,15.75,300,1000,500,S,2123345,15.75,1563174,15.75
4336599,09:51:43,15.76,100,2800,100,S,2124323,15.76,2124293,15.76
4337669,09:51:43,15.76,600,2800,600,S,2124323,15.76,2125249,15.76
4341642,09:51:44,15.75,200,600,500,S,2125953,15.75,1563174,15.75
4341643,09:51:44,15.75,100,600,100,S,2125953,15.75,1573785,15.75
4341644,09:51:44,15.75,300,600,500,S,2125953,15.75,1587026,15.75
4341886,09:51:44,15.76,500,2800,500,B,2124323,15.76,2126155,15.76
4342636,09:51:45,15.76,700,2800,700,B,2124323,15.76,2126733,15.76
4343247,09:51:45,15.75,100,100,500,S,2127288,15.75,1587026,15.75
4344383,09:51:46,15.75,100,1700,500,S,2127519,15.75,1587026,15.75
4344384,09:51:46,15.75,200,1700,200,S,2127519,15.75,1616055,15.75
4344385,09:51:46,15.75,200,1700,200,S,2127519,15.75,1619438,15.75
4344386,09:51:46,15.75,400,1700,400,S,2127519,15.75,1636159,15.75
4344387,09:51:46,15.75,500,1700,500,S,2127519,15.75,1656988,15.75
4344388,09:51:46,15.75,200,1700,200,S,2127519,15.75,1660012,15.75
4344389,09:51:46,15.75,100,1700,100,S,2127519,15.75,1660030,15.75
4345037,09:51:46,15.76,900,2800,4800,B,2124323,15.76,2128144,15.76
4345038,09:51:46,15.76,2300,2300,4800,B,2124337,15.76,2128144,15.76
4345039,09:51:46,15.76,300,300,4800,B,2124338,15.76,2128144,15.76
4345040,09:51:46,15.76,200,200,4800,B,2124420,15.76,2128144,15.76
4345041,09:51:46,15.76,500,500,4800,B,2125068,15.76,2128144,15.76
4345042,09:51:46,15.76,300,300,4800,B,2126086,15.76,2128144,15.76
4345043,09:51:46,15.76,300,600,4800,B,2127392,15.76,2128144,15.76
4357984,09:51:50,15.76,300,600,34400,B,2127392,15.76,2132746,15.78
4357985,09:51:50,15.76,200,200,34400,B,2127651,15.76,2132746,15.78
4357986,09:51:50,15.76,1500,1500,34400,B,2127659,15.76,2132746,15.78
4357987,09:51:50,15.76,100,100,34400,B,2128741,15.76,2132746,15.78
4357988,09:51:50,15.76,200,200,34400,B,2128889,15.76,2132746,15.78
4357989,09:51:50,15.76,300,300,34400,B,2129882,15.76,2132746,15.78
4357990,09:51:50,15.76,1200,1200,34400,B,2131901,15.76,2132746,15.78
4357991,09:51:50,15.76,2500,2500,34400,B,2132280,15.76,2132746,15.78
4357992,09:51:50,15.77,1000,3500,34400,B,2110840,15.77,2132746,15.78
4357993,09:51:50,15.77,1200,1200,34400,B,2111404,15.77,2132746,15.78
4357994,09:51:50,15.77,5000,5000,34400,B,2113167,15.77,2132746,15.78
4357995,09:51:50,15.77,300,300,34400,B,2113612,15.77,2132746,15.78
4357996,09:51:50,15.77,500,500,34400,B,2114380,15.77,2132746,15.78
4357997,09:51:50,15.77,4200,4200,34400,B,2116763,15.77,2132746,15.78
4357998,09:51:50,15.77,3100,3100,34400,B,2119062,15.77,2132746,15.78
4357999,09:51:50,15.77,200,200,34400,B,2127240,15.77,2132746,15.78
4358000,09:51:50,15.78,100,100,34400,B,2093804,15.78,2132746,15.78
4358001,09:51:50,15.78,700,700,34400,B,2096651,15.78,2132746,15.78
4358002,09:51:50,15.78,1800,1800,34400,B,2111576,15.78,2132746,15.78
4358208,09:51:50,15.79,300,1000,50000,B,2077670,15.79,2132960,15.8
4358209,09:51:50,15.79,1000,1000,50000,B,2078470,15.79,2132960,15.8
4358210,09:51:50,15.79,200,200,50000,B,2109584,15.79,2132960,15.8
4358211,09:51:50,15.79,1700,1700,50000,B,2120053,15.79,2132960,15.8
4358212,09:51:50,15.8,400,5200,50000,B,2020658,15.8,2132960,15.8
4358213,09:51:50,15.8,1300,1300,50000,B,2022520,15.8,2132960,15.8
4358214,09:51:50,15.8,300,300,50000,B,2024554,15.8,2132960,15.8
4358215,09:51:50,15.8,500,500,50000,B,2025684,15.8,2132960,15.8
4358216,09:51:50,15.8,1000,1000,50000,B,2026294,15.8,2132960,15.8
4358217,09:51:50,15.8,500,500,50000,B,2027411,15.8,2132960,15.8
4358218,09:51:50,15.8,300,300,50000,B,2028810,15.8,2132960,15.8
4358219,09:51:50,15.8,2000,2000,50000,B,2029459,15.8,2132960,15.8
4358220,09:51:50,15.8,100,100,50000,B,2029640,15.8,2132960,15.8
4358221,09:51:50,15.8,10000,10000,50000,B,2030775,15.8,2132960,15.8
4358222,09:51:50,15.8,5000,5000,50000,B,2031585,15.8,2132960,15.8
4358223,09:51:50,15.8,1300,1300,50000,B,2032040,15.8,2132960,15.8
4358224,09:51:50,15.8,400,400,50000,B,2034762,15.8,2132960,15.8
4358225,09:51:50,15.8,300,300,50000,B,2037506,15.8,2132960,15.8
4358226,09:51:50,15.8,100,100,50000,B,2038359,15.8,2132960,15.8
4358227,09:51:50,15.8,700,700,50000,B,2049156,15.8,2132960,15.8
4358228,09:51:50,15.8,600,600,50000,B,2050977,15.8,2132960,15.8
4358229,09:51:50,15.8,200,200,50000,B,2065244,15.8,2132960,15.8
4358230,09:51:50,15.8,1600,1600,50000,B,2071876,15.8,2132960,15.8
4358231,09:51:50,15.8,3000,3000,50000,B,2082007,15.8,2132960,15.8
4358232,09:51:50,15.8,2500,2500,50000,B,2082724,15.8,2132960,15.8
4358233,09:51:50,15.8,1500,1500,50000,B,2086655,15.8,2132960,15.8
4358234,09:51:50,15.8,3600,3600,50000,B,2093019,15.8,2132960,15.8
4358235,09:51:50,15.8,3000,3000,50000,B,2100024,15.8,2132960,15.8
4358236,09:51:50,15.8,4400,4400,50000,B,2103644,15.8,2132960,15.8
4358237,09:51:50,15.8,400,400,50000,B,2118166,15.8,2132960,15.8
4358238,09:51:50,15.8,500,500,50000,B,2123955,15.8,2132960,15.8
4358239,09:51:50,15.8,1300,2000,50000,B,2128428,15.8,2132960,15.8
4359142,09:51:51,15.78,10000,10000,34400,B,2133150,15.78,2132746,15.78
4360084,09:51:51,15.79,100,100,100,B,2133859,15.79,2133655,15.79
4360110,09:51:51,15.8,700,2000,22900,B,2128428,15.8,2133879,15.8
4360111,09:51:51,15.8,100,100,22900,B,2129163,15.8,2133879,15.8
4360576,09:51:52,15.8,300,300,22900,B,2134242,15.8,2133879,15.8
4360727,09:51:52,15.8,300,300,22900,B,2134351,15.8,2133879,15.8
4360785,09:51:52,15.8,1700,1700,22900,B,2134389,15.8,2133879,15.8
4361685,09:51:52,15.8,200,200,22900,B,2135175,15.8,2133879,15.8
4361828,09:51:53,15.8,600,600,22900,B,2135294,15.8,2133879,15.8
4366152,09:51:53,15.8,1000,1000,22900,B,2136202,15.8,2133879,15.8
4366202,09:51:53,15.8,800,800,22900,B,2136268,15.8,2133879,15.8
4366366,09:51:54,15.8,3000,3000,22900,B,2136397,15.8,2133879,15.8
4367057,09:51:54,15.8,100,100,22900,B,2136584,15.8,2133879,15.8
4367789,09:51:54,15.8,1300,1300,22900,B,2137214,15.8,2133879,15.8
4367819,09:51:54,15.8,5000,5000,22900,B,2137236,15.8,2133879,15.8
4367899,09:51:54,15.8,600,600,22900,B,2137315,15.8,2133879,15.8
4368588,09:51:55,15.8,200,200,22900,S,2137955,15.8,2133879,15.8
4368966,09:51:55,15.8,400,400,22900,S,2138299,15.8,2133879,15.8
4369141,09:51:55,15.8,500,500,22900,S,2138487,15.8,2133879,15.8
4369285,09:51:55,15.8,900,900,22900,S,2138584,15.8,2133879,15.8
4369483,09:51:55,15.8,200,200,22900,S,2138723,15.8,2133879,15.8
4373409,09:51:56,15.8,500,500,22900,S,2139441,15.8,2133879,15.8
4374771,09:51:57,15.81,500,500,20000,B,1965702,15.81,2140561,15.83
4374772,09:51:57,15.81,500,500,20000,B,1977285,15.81,2140561,15.83
4374773,09:51:57,15.81,100,100,20000,B,1988747,15.81,2140561,15.83
4374774,09:51:57,15.81,200,200,20000,B,1991034,15.81,2140561,15.83
4374775,09:51:57,15.81,800,800,20000,B,2001846,15.81,2140561,15.83
4374776,09:51:57,15.81,900,900,20000,B,2022771,15.81,2140561,15.83
4374777,09:51:57,15.81,5000,5000,20000,B,2031494,15.81,2140561,15.83
4374778,09:51:57,15.81,200,200,20000,B,2035704,15.81,2140561,15.83
4374779,09:51:57,15.81,800,800,20000,B,2053252,15.81,2140561,15.83
4374780,09:51:57,15.81,200,200,20000,B,2068892,15.81,2140561,15.83
4374781,09:51:57,15.81,500,500,20000,B,2108582,15.81,2140561,15.83
4374782,09:51:57,15.81,1300,1300,20000,B,2129528,15.81,2140561,15.83
4374783,09:51:57,15.82,200,200,20000,B,1939136,15.82,2140561,15.83
4374784,09:51:57,15.82,6300,6300,20000,B,1995062,15.82,2140561,15.83
4374785,09:51:57,15.82,500,500,20000,B,2026093,15.82,2140561,15.83
4374786,09:51:57,15.82,100,100,20000,B,2043275,15.82,2140561,15.83
4374787,09:51:57,15.83,100,1400,20000,B,1806150,15.83,2140561,15.83
4374788,09:51:57,15.83,1000,1000,20000,B,1991169,15.83,2140561,15.83
4374789,09:51:57,15.83,200,200,20000,B,2037152,15.83,2140561,15.83
4374790,09:51:57,15.83,400,400,20000,B,2042969,15.83,2140561,15.83
4374791,09:51:57,15.83,200,200,20000,B,2051927,15.83,2140561,15.83
4377113,09:51:58,15.8,300,300,22900,S,2141776,15.8,2133879,15.8
4377518,09:51:59,15.8,1600,1600,22900,S,2142114,15.8,2133879,15.8
4381325,09:51:59,15.83,500,500,50000,B,2107198,15.83,2142712,15.85
4381326,09:51:59,15.84,1100,1100,50000,B,1802231,15.84,2142712,15.85
4381327,09:51:59,15.84,1000,1000,50000,B,1817305,15.84,2142712,15.85
4381328,09:51:59,15.84,1000,1000,50000,B,1818606,15.84,2142712,15.85
4381329,09:51:59,15.84,1000,1000,50000,B,1939902,15.84,2142712,15.85
4381330,09:51:59,15.84,100,100,50000,B,1952180,15.84,2142712,15.85
4381331,09:51:59,15.84,10000,10000,50000,B,1958021,15.84,2142712,15.85
4381332,09:51:59,15.84,800,800,50000,B,2133235,15.84,2142712,15.85
4381333,09:51:59,15.85,11900,11900,50000,B,1805588,15.85,2142712,15.85
4381334,09:51:59,15.85,20000,20000,50000,B,1829387,15.85,2142712,15.85
4381335,09:51:59,15.85,1000,1000,50000,B,1844281,15.85,2142712,15.85
4381336,09:51:59,15.85,200,200,50000,B,1845711,15.85,2142712,15.85
4381337,09:51:59,15.85,600,600,50000,B,1910762,15.85,2142712,15.85
4381338,09:51:59,15.85,500,500,50000,B,1948855,15.85,2142712,15.85
4381339,09:51:59,15.85,200,200,50000,B,2073484,15.85,2142712,15.85
4381340,09:51:59,15.85,100,500,50000,B,2077836,15.85,2142712,15.85
4381771,09:52:00,15.8,600,600,22900,S,2143066,15.8,2133879,15.8
4385154,09:52:02,15.8,500,500,22900,S,2145511,15.8,2133879,15.8
4389606,09:52:02,15.8,500,500,22900,S,2146461,15.8,2133879,15.8
4390115,09:52:03,15.8,300,300,22900,S,2146830,15.8,2133879,15.8
4391710,09:52:03,15.84,600,600,1200,S,2147426,15.84,2147244,15.84
4392117,09:52:03,15.84,500,500,1200,B,2147784,15.84,2147244,15.84
4392141,09:52:04,15.84,100,800,1200,B,2147804,15.8,2147244,15.84
4392142,09:52:04,15.8,700,800,22900,S,2147804,15.8,2133879,15.8
4392907,09:52:04,15.85,400,500,19800,B,2077836,15.85,2148337,15.89
4392908,09:52:04,15.85,200,200,19800,B,2113086,15.85,2148337,15.89
4392909,09:52:04,15.86,1300,3100,19800,B,1162566,15.86,2148337,15.89
4392910,09:52:04,15.86,200,200,19800,B,1164133,15.86,2148337,15.89
4392911,09:52:04,15.86,1000,1000,19800,B,1583741,15.86,2148337,15.89
4392912,09:52:04,15.86,1300,1300,19800,B,1690085,15.86,2148337,15.89
4392913,09:52:04,15.86,300,300,19800,B,1804995,15.86,2148337,15.89
4392914,09:52:04,15.86,500,500,19800,B,1921103,15.86,2148337,15.89
4392915,09:52:04,15.86,200,200,19800,B,1952283,15.86,2148337,15.89
4392916,09:52:04,15.87,800,800,19800,B,1286220,15.87,2148337,15.89
4392917,09:52:04,15.87,5000,5000,19800,B,1361774,15.87,2148337,15.89
4392918,09:52:04,15.87,100,100,19800,B,1552446,15.87,2148337,15.89
4392919,09:52:04,15.87,300,300,19800,B,1790208,15.87,2148337,15.89
4392920,09:52:04,15.87,200,200,19800,B,1895945,15.87,2148337,15.89
4392921,09:52:04,15.88,500,500,19800,B,1165059,15.88,2148337,15.89
4392922,09:52:04,15.88,800,800,19800,B,1405017,15.88,2148337,15.89
4392923,09:52:04,15.88,500,500,19800,B,1595447,15.88,2148337,15.89
4392924,09:52:04,15.89,100,100,19800,B,1795427,15.89,2148337,15.89
4393693,09:52:05,15.89,100,100,19800,B,2148994,15.89,2148337,15.89
4393777,09:52:05,15.89,500,500,19800,B,2149069,15.89,2148337,15.89
4398904,09:52:06,15.89,1200,1200,19800,B,2150497,15.89,2148337,15.89
4399465,09:52:06,15.89,2200,2200,19800,B,2150925,15.89,2148337,15.89
4402459,09:52:07,15.89,200,200,19800,S,2152140,15.89,2148337,15.89
4409005,09:52:09,15.89,200,200,19800,S,2153862,15.89,2148337,15.89
4409781,09:52:09,15.89,500,500,19800,S,2154535,15.89,2148337,15.89
4410098,09:52:09,15.89,100,100,19800,S,2154750,15.89,2148337,15.89
4412789,09:52:10,15.9,40,6000,2700,B,1148006,15.9,2155984,15.9
4412790,09:52:10,15.9,500,500,2700,B,1153792,15.9,2155984,15.9
4412791,09:52:10,15.9,800,800,2700,B,1154047,15.9,2155984,15.9
4412792,09:52:10,15.9,600,600,2700,B,1361425,15.9,2155984,15.9
4412793,09:52:10,15.9,760,1700,2700,B,1396971,15.9,2155984,15.9
4416701,09:52:11,15.9,940,1700,1700,B,1396971,15.9,2156648,15.9
4416702,09:52:11,15.9,200,200,1700,B,1419144,15.9,2156648,15.9
4416703,09:52:11,15.9,560,1000,1700,B,1447283,15.9,2156648,15.9
4420548,09:52:13,15.89,1000,1000,19800,S,2159090,15.89,2148337,15.89
4425328,09:52:14,15.89,100,100,19800,S,2160394,15.89,2148337,15.89
4425497,09:52:14,15.9,440,1000,8740,B,1447283,15.9,2160516,15.9
4425498,09:52:14,15.9,1000,1000,8740,B,1569010,15.9,2160516,15.9
4425499,09:52:14,15.9,1500,1500,8740,B,1979696,15.9,2160516,15.9
4425819,09:52:15,15.9,600,600,8740,B,2160783,15.9,2160516,15.9
4427097,09:52:15,15.9,400,400,8740,B,2161203,15.9,2160516,15.9
4428568,09:52:16,15.9,1800,1800,8740,S,2162401,15.9,2160516,15.9
4428899,09:52:16,15.9,1000,1000,8740,S,2162678,15.9,2160516,15.9
4433239,09:52:17,15.9,500,500,8740,S,2163653,15.9,2160516,15.9
4434390,09:52:18,15.9,100,100,8740,S,2164545,15.9,2160516,15.9
4437186,09:52:19,15.91,500,500,3100,B,2161080,15.91,2165814,15.92
4437187,09:52:19,15.92,1000,1000,3100,B,1179629,15.92,2165814,15.92
4438003,09:52:20,15.92,200,200,3100,B,2166620,15.92,2165814,15.92
4441923,09:52:21,15.93,400,400,700,B,1150664,15.93,2167280,15.94
4441924,09:52:21,15.94,300,3700,700,B,1142077,15.94,2167280,15.94
4442157,09:52:21,15.92,100,100,3100,B,2167462,15.92,2165814,15.92
4443673,09:52:22,15.92,1300,3000,3100,S,2168585,15.9,2165814,15.92
4443674,09:52:22,15.92,800,3000,800,S,2168585,15.9,2166180,15.92
4443675,09:52:22,15.9,900,3000,8740,S,2168585,15.9,2160516,15.9
4443897,09:52:22,15.9,500,500,8740,S,2168771,15.9,2160516,15.9
4443953,09:52:22,15.94,400,3700,400,B,1142077,15.94,2168798,15.94
4445282,09:52:22,15.94,1500,3700,20000,B,1142077,15.94,2168897,15.95
4445283,09:52:22,15.94,1000,1000,20000,B,1178160,15.94,2168897,15.95
4445284,09:52:22,15.95,100,900,20000,B,1128522,15.95,2168897,15.95
4445285,09:52:22,15.95,1000,1000,20000,B,1129972,15.95,2168897,15.95
4445286,09:52:22,15.95,10000,10000,20000,B,1139812,15.95,2168897,15.95
4445287,09:52:22,15.95,3000,3000,20000,B,1149252,15.95,2168897,15.95
4445288,09:52:22,15.95,2000,2000,20000,B,1381545,15.95,2168897,15.95
4445381,09:52:22,15.95,1000,1000,20000,B,2168999,15.95,2168897,15.95
4450565,09:52:24,15.95,300,300,20000,B,2170723,15.95,2168897,15.95
4451293,09:52:24,15.95,100,1200,20000,B,2171030,15.93,2168897,15.95
4452058,09:52:25,15.92,100,100,4000,S,2171644,15.92,2169806,15.92
4452389,09:52:25,15.93,1100,1200,5000,B,2171030,15.93,2171861,15.98
4452390,09:52:25,15.96,400,400,5000,B,1425808,15.96,2171861,15.98
4452391,09:52:25,15.96,1700,1700,5000,B,1428400,15.96,2171861,15.98
4452392,09:52:25,15.96,500,500,5000,B,1876769,15.96,2171861,15.98
4452393,09:52:25,15.96,400,400,5000,B,2116790,15.96,2171861,15.98
4452394,09:52:25,15.97,400,400,5000,B,1640553,15.97,2171861,15.98
4452395,09:52:25,15.97,100,100,5000,B,1758110,15.97,2171861,15.98
4452396,09:52:25,15.98,400,2800,5000,B,1413891,15.98,2171861,15.98
4460441,09:52:28,15.95,100,100,100,B,2174339,15.95,2175130,15.95
4460892,09:52:28,15.96,400,400,4000,S,2175471,15.96,2175377,15.96
4465994,09:52:30,15.96,500,500,4000,S,2177178,15.96,2175377,15.96
4468197,09:52:31,15.98,300,2800,300,B,1413891,15.98,2178624,15.98
4468347,09:52:31,15.98,2100,2800,3600,B,1413891,15.98,2178751,15.98
4468348,09:52:31,15.98,1000,1000,3600,B,1423812,15.98,2178751,15.98
4468349,09:52:31,15.98,100,100,3600,B,1667958,15.98,2178751,15.98
4468454,09:52:31,15.98,400,3000,3600,B,2178830,15.96,2178751,15.98
4468455,09:52:31,15.96,2600,3000,4000,S,2178830,15.96,2175377,15.96
4472899,09:52:32,15.96,500,2400,4000,S,2179950,15.93,2175377,15.96
4472900,09:52:32,15.96,100,2400,100,S,2179950,15.93,2175689,15.96
4472901,09:52:32,15.96,200,2400,200,S,2179950,15.93,2176337,15.96
4472902,09:52:32,15.96,300,2400,300,S,2179950,15.93,2176612,15.96
4472903,09:52:32,15.93,100,2400,100,S,2179950,15.93,2173888,15.93
4472904,09:52:32,15.93,900,2400,900,S,2179950,15.93,2174426,15.93
4472905,09:52:32,15.93,300,2400,300,S,2179950,15.93,2179238,15.93
4473878,09:52:33,15.99,61300,100000,100000,B,877342,15.99,2180650,16
4473879,09:52:33,15.99,100,100,100000,B,882289,15.99,2180650,16
4473880,09:52:33,15.99,200,200,100000,B,930721,15.99,2180650,16
4473881,09:52:33,15.99,500,500,100000,B,1165841,15.99,2180650,16
4473882,09:52:33,15.99,600,600,100000,B,1258279,15.99,2180650,16
4473883,09:52:33,15.99,200,200,100000,B,1342125,15.99,2180650,16
4473884,09:52:33,15.99,200,200,100000,B,1669515,15.99,2180650,16
4473885,09:52:33,15.99,700,700,100000,B,1701192,15.99,2180650,16
4473886,09:52:33,15.99,300,300,100000,B,1791049,15.99,2180650,16
4473887,09:52:33,15.99,200,200,100000,B,1808438,15.99,2180650,16
4473888,09:52:33,16,300,300,100000,B,894126,16,2180650,16
4473889,09:52:33,16,15600,15600,100000,B,912221,16,2180650,16
4473890,09:52:33,16,100,100,100000,B,913442,16,2180650,16
4473891,09:52:33,16,700,700,100000,B,917676,16,2180650,16
4473892,09:52:33,16,200,200,100000,B,993549,16,2180650,16
4473893,09:52:33,16,900,900,100000,B,1117986,16,2180650,16
4473894,09:52:33,16,500,500,100000,B,1131159,16,2180650,16
4473895,09:52:33,16,500,500,100000,B,1202886,16,2180650,16
4473896,09:52:33,16,700,700,100000,B,1269242,16,2180650,16
4473897,09:52:33,16,100,100,100000,B,1317656,16,2180650,16
4473898,09:52:33,16,300,300,100000,B,1355842,16,2180650,16
4473899,09:52:33,16,1100,1100,100000,B,1406451,16,2180650,16
4473900,09:52:33,16,100,100,100000,B,1428071,16,2180650,16
4473901,09:52:33,16,300,300,100000,B,1434205,16,2180650,16
4473902,09:52:33,16,300,300,100000,B,1463348,16,2180650,16
4473903,09:52:33,16,100,100,100000,B,1502413,16,2180650,16
4473904,09:52:33,16,200,200,100000,B,1518209,16,2180650,16
4473905,09:52:33,16,100,100,100000,B,1542984,16,2180650,16
4473906,09:52:33,16,800,800,100000,B,1567992,16,2180650,16
4473907,09:52:33,16,3300,3300,100000,B,1606655,16,2180650,16
4473908,09:52:33,16,1000,1000,100000,B,1610095,16,2180650,16
4473909,09:52:33,16,500,500,100000,B,1613971,16,2180650,16
4473910,09:52:33,16,500,500,100000,B,1654953,16,2180650,16
4473911,09:52:33,16,2000,2000,100000,B,1688569,16,2180650,16
4473912,09:52:33,16,2000,2000,100000,B,1722611,16,2180650,16
4473913,09:52:33,16,2000,2000,100000,B,1774355,16,2180650,16
4473914,09:52:33,16,300,300,100000,B,1884467,16,2180650,16
4473915,09:52:33,16,400,400,100000,B,1916648,16,2180650,16
4473916,09:52:33,16,200,200,100000,B,1925643,16,2180650,16
4473917,09:52:33,16,500,500,100000,B,1950770,16,2180650,16
4473918,09:52:33,16,100,200,100000,B,1960487,16,2180650,16
4473945,09:52:33,15.98,100,100,400,B,2180715,15.98,2180228,15.98
4477397,09:52:35,15.98,300,300,400,S,2182954,15.98,2180228,15.98
4481479,09:52:36,16,100,200,50000,B,1960487,16,2183825,16.01
4481480,09:52:36,16,100,100,50000,B,2006127,16,2183825,16.01
4481481,09:52:36,16,100,100,50000,B,2023779,16,2183825,16.01
4481482,09:52:36,16,100,100,50000,B,2027138,16,2183825,16.01
4481483,09:52:36,16,100,100,50000,B,2106096,16,2183825,16.01
4481484,09:52:36,16,2000,2000,50000,B,2118370,16,2183825,16.01
4481485,09:52:36,16,500,500,50000,B,2181657,16,2183825,16.01
4481486,09:52:36,16.01,100,100,50000,B,882469,16.01,2183825,16.01
4481487,09:52:36,16.01,1300,1300,50000,B,991545,16.01,2183825,16.01
4481488,09:52:36,16.01,3000,3000,50000,B,1529839,16.01,2183825,16.01
4481489,09:52:36,16.01,200,200,50000,B,2052977,16.01,2183825,16.01
4482029,09:52:36,16.01,3700,3700,50000,B,2184258,16.01,2183825,16.01
4484072,09:52:37,16.01,3600,3600,50000,B,2185453,16.01,2183825,16.01
4488998,09:52:39,16.01,500,500,50000,B,2186939,16.01,2183825,16.01
4489153,09:52:39,16.01,1200,1200,50000,B,2187039,16.01,2183825,16.01
4491374,09:52:40,16.01,1500,1500,50000,S,2188618,16.01,2183825,16.01
4496033,09:52:42,16.01,100,100,50000,S,2189918,16.01,2183825,16.01
4496758,09:52:42,16.04,300,300,500,B,1181854,16.04,2190575,16.04
4496759,09:52:42,16.04,200,800,500,B,1793033,16.04,2190575,16.04
4498485,09:52:43,16.02,500,700,500,S,2191627,16.01,2191424,16.02
4498486,09:52:43,16.01,200,700,50000,S,2191627,16.01,2183825,16.01
4502412,09:52:44,16.04,600,800,1500,B,1793033,16.04,2192336,16.04
4503184,09:52:44,16.04,900,1000,1500,B,2192975,16.04,2192336,16.04
4503185,09:52:44,16.04,100,1000,400,B,2192975,16.04,2192827,16.04
4505431,09:52:46,16.05,100,100,200,B,1915258,16.05,2194328,16.05
4507774,09:52:48,16.05,100,100,200,B,2196229,16.05,2194328,16.05
4513280,09:52:49,16.06,200,200,2000,B,848839,16.06,2198273,16.09
4513281,09:52:49,16.06,200,200,2000,B,929431,16.06,2198273,16.09
4513282,09:52:49,16.06,100,100,2000,B,2185147,16.06,2198273,16.09
4513283,09:52:49,16.08,100,100,2000,B,1196087,16.08,2198273,16.09
4513284,09:52:49,16.08,300,300,2000,B,1346773,16.08,2198273,16.09
4513285,09:52:49,16.08,200,200,2000,B,1459560,16.08,2198273,16.09
4513286,09:52:49,16.08,300,300,2000,B,2194476,16.08,2198273,16.09
4513287,09:52:49,16.09,600,1500,2000,B,2193643,16.09,2198273,16.09
4520779,09:52:51,16.06,700,1000,700,S,2200794,16.06,2199043,16.06
4521854,09:52:52,16.06,300,1000,800,S,2200794,16.06,2201609,16.06
4526426,09:52:53,16.06,100,100,800,S,2202825,16.06,2201609,16.06
4533631,09:52:56,16.08,200,1000,200,B,2202478,16.08,2205683,16.08
4533852,09:52:56,16.06,400,1000,800,S,2205899,16.06,2201609,16.06
4533853,09:52:56,16.06,600,1000,1200,S,2205899,16.06,2205250,16.06
4535096,09:52:57,16.06,600,1300,1200,S,2206795,16.05,2205250,16.06
4535097,09:52:57,16.05,700,1300,900,S,2206795,16.05,2200897,16.05
4535152,09:52:57,16.08,100,1000,100,B,2202478,16.08,2206835,16.08
4535445,09:52:58,16.06,100,400,100,S,2206991,16.06,2207109,16.06
4537508,09:52:58,16.05,200,12400,900,S,2207708,16.01,2200897,16.05
4537509,09:52:58,16.05,300,12400,300,S,2207708,16.01,2202490,16.05
4537510,09:52:58,16.04,300,12400,400,S,2207708,16.01,2192827,16.04
4537511,09:52:58,16.04,100,12400,100,S,2207708,16.01,2194770,16.04
4537512,09:52:58,16.04,600,12400,600,S,2207708,16.01,2204965,16.04
4537513,09:52:58,16.02,500,12400,500,S,2207708,16.01,2194500,16.02
4537515,09:52:58,16.01,10400,12400,50000,S,2207708,16.01,2183825,16.01
4538127,09:52:59,16.06,300,400,300,S,2206991,16.06,2208217,16.06
4541598,09:52:59,16.08,700,1000,14000,B,2202478,16.08,2208459,16.11
4541599,09:52:59,16.08,200,200,14000,B,2206304,16.08,2208459,16.11
4541600,09:52:59,16.09,900,1500,14000,B,2193643,16.09,2208459,16.11
4541601,09:52:59,16.09,500,500,14000,B,2208456,16.09,2208459,16.11
4541602,09:52:59,16.1,1000,1000,14000,B,1010240,16.1,2208459,16.11
4541603,09:52:59,16.1,300,300,14000,B,1021090,16.1,2208459,16.11
4541604,09:52:59,16.1,700,700,14000,B,1052945,16.1,2208459,16.11
4541605,09:52:59,16.1,1100,1100,14000,B,1164482,16.1,2208459,16.11
4541606,09:52:59,16.1,500,500,14000,B,1233920,16.1,2208459,16.11
4541607,09:52:59,16.1,100,100,14000,B,1357388,16.1,2208459,16.11
4541608,09:52:59,16.1,1000,1000,14000,B,1444320,16.1,2208459,16.11
4541609,09:52:59,16.1,400,400,14000,B,1444935,16.1,2208459,16.11
4541610,09:52:59,16.1,400,400,14000,B,1799306,16.1,2208459,16.11
4541611,09:52:59,16.1,500,500,14000,B,1812042,16.1,2208459,16.11
4541612,09:52:59,16.1,500,500,14000,B,1837445,16.1,2208459,16.11
4541613,09:52:59,16.1,500,500,14000,B,1931158,16.1,2208459,16.11
4541614,09:52:59,16.1,100,100,14000,B,2193677,16.1,2208459,16.11
4541615,09:52:59,16.1,1000,1000,14000,B,2194927,16.1,2208459,16.11
4541616,09:52:59,16.11,3600,100000,14000,B,830620,16.11,2208459,16.11
4541998,09:52:59,16.08,100,100,5200,B,2208585,16.08,2208834,16.08
4542079,09:52:59,16.08,200,200,5200,B,2208886,16.08,2208834,16.08
4544007,09:53:01,16.08,500,500,5200,S,2210512,16.08,2208834,16.08
4549817,09:53:02,16.09,200,500,200,B,2209349,16.09,2211952,16.09
4552446,09:53:03,16.09,300,500,20000,B,2209349,16.09,2213440,16.11
4552447,09:53:03,16.1,200,200,20000,B,2210852,16.1,2213440,16.11
4552448,09:53:03,16.11,2300,100000,20000,B,830620,16.11,2213440,16.11
4552449,09:53:03,16.11,3000,3000,20000,B,861565,16.11,2213440,16.11
4552796,09:53:03,16.14,100,300,100,B,2072353,16.14,2213788,16.14
4552842,09:53:03,16.11,100,100,20000,B,2213830,16.11,2213440,16.11
4558156,09:53:05,16.11,600,600,20000,B,2215752,16.11,2213440,16.11
4558532,09:53:05,16.11,1000,1000,20000,B,2216140,16.11,2213440,16.11
4558797,09:53:06,16.11,3000,3000,20000,B,2216327,16.11,2213440,16.11
4560021,09:53:06,16.11,100,100,20000,B,2216671,16.11,2213440,16.11
4560767,09:53:06,16.14,200,300,200,B,2072353,16.14,2217301,16.14
4561081,09:53:07,16.11,1600,1600,20000,S,2217545,16.11,2213440,16.11
4561107,09:53:07,16.11,500,500,20000,S,2217558,16.11,2213440,16.11
4561364,09:53:07,16.11,700,700,20000,S,2217765,16.11,2213440,16.11
4561519,09:53:07,16.11,800,800,20000,S,2217917,16.11,2213440,16.11
4561666,09:53:07,16.11,400,400,20000,S,2218008,16.11,2213440,16.11
4562615,09:53:08,16.11,100,100,20000,S,2218758,16.11,2213440,16.11
4567782,09:53:09,16.11,400,400,20000,S,2220457,16.11,2213440,16.11
4569321,09:53:10,16.11,500,500,20000,S,2221298,16.11,2213440,16.11
4570386,09:53:11,16.14,500,500,20000,B,2221437,16.14,2222174,16.17
4570387,09:53:11,16.15,400,400,20000,B,830857,16.15,2222174,16.17
4570388,09:53:11,16.15,400,400,20000,B,973390,16.15,2222174,16.17
4570389,09:53:11,16.15,400,400,20000,B,1058623,16.15,2222174,16.17
4570390,09:53:11,16.15,400,400,20000,B,1107973,16.15,2222174,16.17
4570391,09:53:11,16.15,300,300,20000,B,1176145,16.15,2222174,16.17
4570392,09:53:11,16.15,200,200,20000,B,1678016,16.15,2222174,16.17
4570393,09:53:11,16.15,300,300,20000,B,2119332,16.15,2222174,16.17
4570394,09:53:11,16.15,1200,1200,20000,B,2220386,16.15,2222174,16.17
4570395,09:53:11,16.16,300,300,20000,B,1983421,16.16,2222174,16.17
4570396,09:53:11,16.17,500,500,20000,B,1228309,16.17,2222174,16.17
4570397,09:53:11,16.17,15100,16300,20000,B,2216527,16.17,2222174,16.17
4574315,09:53:12,16.15,400,400,20000,S,2222851,16.15,2222537,16.15
4574859,09:53:12,16.16,200,200,1000,S,2223291,16.16,2222971,16.16
4575673,09:53:13,16.16,800,2000,1000,B,2223951,16.16,2222971,16.16
4575674,09:53:13,16.16,1200,2000,1300,B,2223951,16.16,2223266,16.16
4576058,09:53:13,16.16,100,2400,1300,B,2224296,16.15,2223266,16.16
4576059,09:53:13,16.15,2300,2400,20000,S,2224296,16.15,2222537,16.15
4577045,09:53:13,16.17,100,16300,100,B,2216527,16.17,2224554,16.17
4577322,09:53:13,16.15,1000,1000,20000,S,2224735,16.15,2222537,16.15
4577655,09:53:14,16.17,1100,16300,20000,B,2216527,16.17,2225027,16.17
4577656,09:53:14,16.17,500,500,20000,B,2224612,16.17,2225027,16.17
4581851,09:53:14,16.17,4000,4000,20000,B,2225813,16.17,2225027,16.17
4583162,09:53:15,16.17,500,500,20000,B,2226678,16.17,2225027,16.17
4583238,09:53:15,16.17,2000,2000,20000,B,2226729,16.17,2225027,16.17
4583378,09:53:15,16.17,600,600,20000,B,2226813,16.17,2225027,16.17
4583572,09:53:15,16.17,500,500,20000,S,2226974,16.17,2225027,16.17
4583701,09:53:15,16.17,10800,30000,20000,S,2227070,16.15,2225027,16.17
4583702,09:53:15,16.17,500,30000,500,S,2227070,16.15,2226081,16.17
4583703,09:53:15,16.16,300,30000,300,S,2227070,16.15,2226073,16.16
4583704,09:53:15,16.15,16300,30000,20000,S,2227070,16.15,2222537,16.15
4583705,09:53:15,16.15,100,30000,100,S,2227070,16.15,2222816,16.15
4583706,09:53:15,16.15,500,30000,500,S,2227070,16.15,2226575,16.15
4583707,09:53:15,16.15,1000,30000,1000,S,2227070,16.15,2226744,16.15
4589383,09:53:18,16.15,500,30000,3000,S,2227070,16.15,2229339,16.17
4590665,09:53:18,16.17,500,500,3000,B,2229968,16.17,2229339,16.17
4591929,09:53:19,16.17,100,100,3000,S,2231087,16.17,2229339,16.17
4592124,09:53:19,16.17,100,100,3000,S,2231243,16.17,2229339,16.17
4592137,09:53:19,16.17,300,300,3000,S,2231261,16.17,2229339,16.17
4592152,09:53:19,16.18,1000,1000,3700,B,816337,16.18,2231276,16.18
4592153,09:53:19,16.18,200,200,3700,B,817107,16.18,2231276,16.18
4592154,09:53:19,16.18,200,200,3700,B,1006790,16.18,2231276,16.18
4592155,09:53:19,16.18,2300,2500,3700,B,1034313,16.18,2231276,16.18
4592200,09:53:19,16.17,100,100,3000,S,2231297,16.17,2229339,16.17
4597393,09:53:21,16.17,1000,1000,3000,S,2233143,16.17,2229339,16.17
4598519,09:53:21,16.17,200,200,3000,S,2233754,16.17,2229339,16.17
4599048,09:53:22,16.18,200,2500,20000,B,1034313,16.18,2234128,16.18
4599049,09:53:22,16.18,200,200,20000,B,1983061,16.18,2234128,16.18
4599050,09:53:22,16.18,3000,3000,20000,B,2217026,16.18,2234128,16.18
4599051,09:53:22,16.18,800,800,20000,B,2233641,16.18,2234128,16.18
4599052,09:53:22,16.18,500,500,20000,B,2233742,16.18,2234128,16.18
4599269,09:53:22,16.18,100,100,20000,B,2234306,16.18,2234128,16.18
4599351,09:53:22,16.18,1500,1500,20000,B,2234380,16.18,2234128,16.18
4599659,09:53:22,16.18,500,500,20000,B,2234586,16.18,2234128,16.18
4600118,09:53:22,16.18,1000,1000,20000,B,2234966,16.18,2234128,16.18
4600669,09:53:23,16.18,5000,5000,20000,B,2235397,16.18,2234128,16.18
4605713,09:53:24,16.18,100,100,20000,B,2236877,16.18,2234128,16.18
4606194,09:53:25,16.18,400,400,20000,S,2237268,16.18,2234128,16.18
4606589,09:53:25,16.18,1000,1000,20000,S,2237637,16.18,2234128,16.18
4607698,09:53:25,16.18,100,100,20000,S,2238178,16.18,2234128,16.18
4607934,09:53:26,16.18,1000,1000,20000,S,2238398,16.18,2234128,16.18
4608237,09:53:26,16.19,200,200,20000,B,810753,16.19,2238640,16.19
4608238,09:53:26,16.19,500,500,20000,B,811746,16.19,2238640,16.19
4608239,09:53:26,16.19,100,100,20000,B,826443,16.19,2238640,16.19
4608240,09:53:26,16.19,19200,20000,20000,B,829042,16.19,2238640,16.19
4612376,09:53:27,16.18,4600,5000,20000,S,2239462,16.18,2234128,16.18
4612377,09:53:27,16.18,300,5000,300,S,2239462,16.18,2236940,16.18
4612378,09:53:27,16.18,100,5000,300,S,2239462,16.18,2237938,16.18
4612420,09:53:27,16.18,200,200,300,S,2239493,16.18,2237938,16.18
4612645,09:53:27,16.19,800,20000,20000,B,829042,16.19,2239672,16.2
4612646,09:53:27,16.19,500,500,20000,B,831638,16.19,2239672,16.2
4612647,09:53:27,16.19,200,200,20000,B,876774,16.19,2239672,16.2
4612648,09:53:27,16.19,500,500,20000,B,1394371,16.19,2239672,16.2
4612649,09:53:27,16.19,700,700,20000,B,1805061,16.19,2239672,16.2
4612650,09:53:27,16.19,500,500,20000,B,2073974,16.19,2239672,16.2
4612651,09:53:27,16.19,100,100,20000,B,2227068,16.19,2239672,16.2
4612652,09:53:27,16.19,100,100,20000,B,2234058,16.19,2239672,16.2
4612653,09:53:27,16.19,500,500,20000,B,2237040,16.19,2239672,16.2
4612654,09:53:27,16.2,16100,20000,20000,B,796258,16.2,2239672,16.2
4612743,09:53:27,16.18,300,300,300,S,2239770,16.18,2239272,16.18
4613627,09:53:28,16.18,300,500,300,S,2240050,16.18,2240448,16.18
4613868,09:53:28,16.18,200,500,300,S,2240050,16.18,2240646,16.18
4613869,09:53:28,16.18,100,1000,300,S,2240147,16.18,2240646,16.18
4613945,09:53:28,16.17,100,100,3000,S,2240730,16.17,2229339,16.17
4614259,09:53:28,16.17,100,7300,3000,S,2241036,16.17,2229339,16.17
4614260,09:53:28,16.17,200,7300,200,S,2241036,16.17,2238684,16.17
4618858,09:53:29,16.15,100,1400,100,S,2242052,16.15,2230334,16.15
4618859,09:53:29,16.15,900,1400,900,S,2242052,16.15,2236654,16.15
4618860,09:53:29,16.15,400,1400,10000,S,2242052,16.15,2236741,16.15
4619102,09:53:30,16.17,1000,7300,1000,B,2241036,16.17,2242269,16.17
4619562,09:53:30,16.17,1000,7300,1000,B,2241036,16.17,2242664,16.17
4620021,09:53:30,16.17,200,7300,200,B,2241036,16.17,2243072,16.17
4620837,09:53:31,16.17,500,7300,500,B,2241036,16.17,2243367,16.17
4621549,09:53:31,16.17,100,7300,100,B,2241036,16.17,2243899,16.17
4622021,09:53:31,16.17,100,7300,100,B,2241036,16.17,2244330,16.17
4622984,09:53:32,16.17,300,7300,300,B,2241036,16.17,2245073,16.17
4623313,09:53:32,16.15,1000,1000,10000,S,2245339,16.15,2236741,16.15
4627231,09:53:33,16.15,800,800,10000,S,2246073,16.15,2236741,16.15
4628452,09:53:33,16.17,400,7300,400,B,2241036,16.17,2246771,16.17
4628516,09:53:33,16.15,500,500,10000,S,2246809,16.15,2236741,16.15
4628861,09:53:34,16.17,3400,7300,3400,B,2241036,16.17,2247072,16.17
4629289,09:53:34,16.15,1000,1000,10000,S,2247431,16.15,2236741,16.15
4630000,09:53:35,16.15,1800,1800,10000,S,2248020,16.15,2236741,16.15
4630108,09:53:35,16.15,3000,3000,10000,S,2248129,16.15,2236741,16.15
4630148,09:53:35,16.15,1500,3000,10000,S,2248139,16.14,2236741,16.15
4634843,09:53:36,16.14,1100,3000,1100,S,2248139,16.14,2249380,16.14
4636582,09:53:37,16.13,1000,2000,1000,B,2249830,16.13,2250404,16.13
4636610,09:53:37,16.13,900,2000,900,B,2249830,16.13,2250446,16.13
4636792,09:53:37,16.13,100,2000,500,B,2249830,16.13,2250580,16.14
4636793,09:53:37,16.14,400,3000,500,B,2248139,16.14,2250580,16.14
4636825,09:53:37,16.15,1000,1000,20000,B,2248714,16.15,2250621,16.18
4636826,09:53:37,16.15,700,700,20000,B,2250364,16.15,2250621,16.18
4636827,09:53:37,16.17,500,500,20000,B,2244092,16.17,2250621,16.18
4636828,09:53:37,16.17,1000,1000,20000,B,2246027,16.17,2250621,16.18
4636829,09:53:37,16.17,300,300,20000,B,2249552,16.17,2250621,16.18
4636830,09:53:37,16.18,900,1000,20000,B,2240147,16.18,2250621,16.18
4636831,09:53:37,16.18,1400,1400,20000,B,2241389,16.18,2250621,16.18
4636832,09:53:37,16.18,100,100,20000,B,2241494,16.18,2250621,16.18
4636833,09:53:37,16.18,200,200,20000,B,2241848,16.18,2250621,16.18
4636834,09:53:37,16.18,13900,15000,20000,B,2242122,16.18,2250621,16.18
4637552,09:53:37,16.11,200,200,20000,S,2251105,16.11,2213440,16.11
4638379,09:53:38,16.17,1000,2700,1000,S,2251805,16.15,2251670,16.17
4638565,09:53:38,16.15,100,2700,100,S,2251805,16.15,2251938,16.15
4642161,09:53:39,16.15,500,2700,500,S,2251805,16.15,2252373,16.15
4642753,09:53:39,16.15,100,2700,100,S,2251805,16.15,2252871,16.15
4643958,09:53:40,16.14,400,400,800,S,2253344,16.14,2252013,16.14
4645944,09:53:41,16.15,1000,2700,1000,B,2251805,16.15,2254982,16.15
4649766,09:53:42,16.14,300,300,800,S,2255575,16.14,2252013,16.14
4651399,09:53:43,16.14,100,4000,800,S,2256949,16.14,2252013,16.14
4655375,09:53:44,16.14,1700,4000,1700,S,2256949,16.14,2257636,16.14
4655686,09:53:44,16.14,300,4000,300,S,2256949,16.14,2257893,16.14
4656748,09:53:45,16.14,200,4000,200,S,2256949,16.14,2258715,16.14
4659197,09:53:46,16.11,4200,13800,20000,S,2260115,16.11,2213440,16.11
4659198,09:53:46,16.11,1000,13800,1000,S,2260115,16.11,2226075,16.11
4659199,09:53:46,16.11,1000,13800,1000,S,2260115,16.11,2226618,16.11
4659200,09:53:46,16.11,2500,13800,2500,S,2260115,16.11,2257345,16.11
4663693,09:53:47,16.1,100,100,50000,S,2261024,16.1,2261276,16.17
4663694,09:53:47,16.11,5100,13800,50000,B,2260115,16.11,2261276,16.17
4663695,09:53:47,16.14,1700,4000,50000,B,2256949,16.14,2261276,16.17
4663696,09:53:47,16.14,3000,3000,50000,B,2257019,16.14,2261276,16.17
4663697,09:53:47,16.14,2600,2600,50000,B,2258463,16.14,2261276,16.17
4663698,09:53:47,16.14,200,200,50000,B,2259520,16.14,2261276,16.17
4663699,09:53:47,16.14,1000,1000,50000,B,2259622,16.14,2261276,16.17
4663700,09:53:47,16.14,3200,3200,50000,B,2259722,16.14,2261276,16.17
4663701,09:53:47,16.14,1000,1000,50000,B,2260339,16.14,2261276,16.17
4663702,09:53:47,16.14,1800,1800,50000,B,2260489,16.14,2261276,16.17
4663703,09:53:47,16.14,200,200,50000,B,2261254,16.14,2261276,16.17
4663704,09:53:47,16.15,100,100,50000,B,2252199,16.15,2261276,16.17
4663705,09:53:47,16.15,2600,2600,50000,B,2253167,16.15,2261276,16.17
4663706,09:53:47,16.15,1000,1000,50000,B,2255284,16.15,2261276,16.17
4663707,09:53:47,16.15,700,700,50000,B,2256212,16.15,2261276,16.17
4663708,09:53:47,16.15,100,100,50000,B,2256815,16.15,2261276,16.17
4663709,09:53:47,16.15,200,200,50000,B,2257611,16.15,2261276,16.17
4663710,09:53:47,16.15,500,500,50000,B,2257835,16.15,2261276,16.17
4663711,09:53:47,16.15,200,200,50000,B,2258697,16.15,2261276,16.17
4663712,09:53:47,16.15,600,600,50000,B,2259615,16.15,2261276,16.17
4663713,09:53:47,16.15,500,500,50000,B,2259630,16.15,2261276,16.17
4663714,09:53:47,16.15,600,600,50000,B,2260261,16.15,2261276,16.17
4663715,09:53:47,16.15,500,500,50000,B,2260557,16.15,2261276,16.17
4663716,09:53:47,16.17,20000,20000,50000,B,2252180,16.17,2261276,16.17
4663717,09:53:47,16.17,2500,2500,50000,B,2252732,16.17,2261276,16.17
4663886,09:53:47,16.09,100,100,20000,S,2261455,16.09,2217932,16.09
4664066,09:53:47,16.09,100,100,20000,S,2261589,16.09,2217932,16.09
4664118,09:53:47,16.15,1500,1500,1900,S,2261656,16.15,2261622,16.15
4664275,09:53:48,16.15,400,1200,1900,S,2261780,16.14,2261622,16.15
4665097,09:53:48,16.14,800,1200,1000,S,2261780,16.14,2262499,16.14
4665098,09:53:48,16.14,200,600,1000,S,2262222,16.14,2262499,16.14
4672355,09:53:51,16.09,1300,1300,20000,S,2265130,16.09,2217932,16.09
4672461,09:53:51,16.1,300,300,400,B,2263013,16.1,2265238,16.11
4672462,09:53:51,16.11,100,200,400,B,2263245,16.11,2265238,16.11
4673544,09:53:52,16.11,100,200,100,B,2263245,16.11,2265781,16.11
4674622,09:53:53,16.11,200,200,300,B,2263739,16.11,2266641,16.11
4674623,09:53:53,16.11,100,1100,300,B,2266109,16.11,2266641,16.11
4677814,09:53:53,16.09,1600,1600,20000,S,2266765,16.09,2217932,16.09
4678075,09:53:53,16.11,500,1100,500,B,2266109,16.11,2266973,16.11
4679912,09:53:54,16.11,100,1100,100,B,2266109,16.11,2267857,16.11
4680441,09:53:54,16.09,500,500,20000,S,2268370,16.09,2217932,16.09
4681005,09:53:55,16.09,1000,1000,20000,S,2268744,16.09,2217932,16.09
4681085,09:53:55,16.11,400,1100,2800,B,2266109,16.11,2268795,16.14
4681086,09:53:55,16.11,1000,1000,2800,B,2266697,16.11,2268795,16.14
4681087,09:53:55,16.11,800,800,2800,B,2266743,16.11,2268795,16.14
4681088,09:53:55,16.12,100,100,2800,B,2263252,16.12,2268795,16.14
4681089,09:53:55,16.14,400,600,2800,B,2262222,16.14,2268795,16.14
